1904 3171
823 157 877 200 55

73 260 262 304 concepeio,
279 272 421 304 quorum
443 263 633 295 nominaeio
657 263 834 305 exponitur
858 263 890 295 in
911 263 996 296 libro
1014 264 1116 303 dicto,
1135 276 1194 297 nec
1211 266 1309 298 realis
1326 269 1413 300 racio
1431 269 1622 311 assignatur.

75 313 185 355 Hujus
201 314 336 356 quidem
354 314 520 347 racionem
537 310 636 347 docui
653 316 685 346 in
700 316 947 358 Methaphisica
963 317 1039 359 quia
1059 317 1101 348 ad
1117 328 1190 349 eam
1209 320 1348 359 pertinet
1366 345 1372 352 .
1392 346 1398 351 .
1419 345 1425 351 .

117 369 174 400 19.
220 366 243 398 s.
261 367 298 398 81
319 377 339 398 a
359 375 385 399 1.
435 367 624 399 Secundum
642 368 791 410 predicta
807 369 930 400 accidit
946 369 1057 410 gravis
1072 369 1243 401 dubitacio
1255 372 1397 412 qualiter
1407 373 1624 406 collocabitur

70 429 167 450 evum
195 418 228 450 in
254 423 405 460 presente
429 429 505 451 cum
532 424 681 462 tempore
712 421 773 452 sub
801 421 919 452 eodem
945 431 1065 462 genere
1091 421 1351 462 generalissimo,
1380 424 1436 454 sed
1464 429 1623 458 tractatus

72 471 338 513 Methaphisicus
359 472 492 514 expedit
513 483 575 503 nos
596 473 636 504 de
658 472 723 505 hoc
744 484 818 505 cum
839 473 915 505 aliis
936 474 965 504 ei
986 474 1126 516 propriis
1147 475 1304 515 quoniam
1328 475 1485 508 certificat
1511 480 1624 510 omnia

70 522 274 564 hujusmodi.

115 578 176 607 20.
224 574 246 608 f.
265 576 302 607 81
322 576 344 607 b
364 584 393 608 1.
438 576 565 607 Ponam
585 577 718 619 quidem
740 577 774 608 in
799 577 1052 620 Methaphisicis
1075 577 1248 619 opiniones
1273 579 1474 622 principales
1497 581 1538 613 de
1561 582 1623 614 hac

70 630 180 671 specie
192 629 387 672 quantitatis
400 627 459 670 [sc.
471 631 663 671 quantitatis
675 630 814 662 discrete
826 641 891 662 non
905 630 1143 672 permanentis]
1157 637 1188 662 et
1201 631 1275 663 ideo
1286 642 1350 663 non
1363 639 1493 674 oportet
1505 634 1559 666 hic
1569 646 1624 666 eas

71 682 201 714 recitari
215 682 293 724 quia
306 681 388 713 false
405 686 490 720 sunt,
501 692 560 714 nec
577 681 750 714 certificari
764 688 874 724 potest
885 683 1006 715 veritas
1019 683 1072 714 hic
1088 683 1144 714 sed
1162 685 1304 725 supponi
1318 695 1357 715 ex
1371 686 1624 728 Methaphisicis

71 734 162 775 cujus
185 735 282 766 aliter
305 745 447 776 quorum
471 740 519 766 est
544 735 670 776 species
692 735 1011 777 predicamentorum
1034 736 1118 766 sicut
1141 746 1249 767 rerum
1275 738 1422 769 omnium
1445 739 1623 772 declarare.

71 787 198 819 Ramos
217 787 322 818 eciam
346 797 429 829 quos
449 787 575 818 extraxi
592 788 633 819 de
648 788 818 820 radicibus
836 788 1047 830 antiquorum
1070 787 1125 819 hic
1147 789 1295 820 recitabo
1312 789 1417 821 donec
1432 791 1465 821 in
1482 796 1623 824 tractatu

71 839 320 881 Methaphisico
342 839 528 880 probavero
545 840 625 881 quid
642 840 831 872 tenendum.
880 841 967 872 Dico
983 840 1084 881 igitur
1099 841 1189 882 quod
1207 851 1316 872 sonus.
1336 866 1344 874 .
1362 867 1369 874 .
1386 865 1394 874 .
1412 842 1623 885 Quapropter

68 892 124 924 ubi
142 897 174 924 'et
191 892 284 923 locus
300 902 366 923 non
381 896 455 923 sunt
468 891 667 932 quantitates
681 893 821 925 discrete
835 893 891 924 sed
906 903 1016 924 sonus.
1059 893 1178 924 Cetera
1191 903 1254 935 que
1268 894 1391 925 habent
1403 897 1522 936 requiri
1535 898 1623 928 circa

70 944 156 977 hanc
172 945 347 976 materiam
363 944 518 986 expediet
534 949 692 976 tractatus
710 945 954 987 Methaphisice
969 945 1052 976 sicut
1069 945 1211 977 sciencia
1227 946 1364 978 domina
1381 952 1572 980 ceterarum.

114 999 169 1028 21.
193 997 216 1029 f.
235 997 276 1039 89
293 1007 313 1028 a
332 1005 359 1028 2.
406 996 587 1029 Rethorica
612 997 699 1028 enim
725 998 847 1030 docens
871 997 1153 1039 composicionem
1182 999 1372 1039 argumenti
1393 1001 1549 1033 rethorici
1574 1007 1622 1033 est

69 1060 146 1092 pars
168 1049 307 1090 Logice,
332 1054 368 1080 ut
390 1049 500 1091 patuit
527 1049 561 1081 in
585 1049 752 1091 predictis,
783 1054 815 1081 et
844 1050 1008 1081 rethorica
1037 1054 1132 1081 utens
1159 1050 1224 1082 hoc
1249 1057 1444 1092 argumento
1470 1059 1517 1085 est
1547 1065 1622 1096 pars

71 1101 212 1133 Moralis
228 1101 457 1143 Philosophie,
474 1106 510 1133 ut
527 1102 560 1134 in
578 1102 824 1144 Methaphisica
839 1108 871 1134 et
888 1103 921 1134 in
938 1103 1129 1134 Moralibus
1145 1102 1380 1136 demonstravi.

114 1156 175 1187 22.
220 1154 242 1187 f.
261 1155 303 1195 89
318 1155 339 1186 b
355 1163 382 1185 1.
429 1155 517 1196 Quia
530 1165 643 1186 omnes
653 1155 804 1187 homines
816 1155 1010 1187 naturaliter
1020 1156 1128 1187 sciunt
1141 1156 1405 1188 Grammaticam
1415 1162 1447 1188 et
1461 1157 1621 1199 Logicam

67 1206 133 1239 illo
148 1206 250 1238 modo
267 1207 337 1239 sine
355 1207 546 1238 invencione
562 1212 593 1239 et
610 1207 771 1246 doctrina,
789 1213 824 1238 ut
841 1208 981 1249 probavi
997 1208 1029 1239 in
1049 1207 1315 1249 Methaphisicis.

126 1344 426 1383 EXTRACTS
457 1345 620 1384 FROM
651 1346 773 1384 THE
803 1346 1128 1385 COMMUNIA
1158 1347 1562 1388 NATURALIUM.

649 1434 755 1483 (MS.
779 1435 889 1472 ΜΑΖ.
912 1434 1048 1486 3576.)

113 1523 172 1554 23.
218 1519 240 1552 f.
261 1530 274 1552 1
294 1531 326 1553 a.
371 1521 552 1562 Postquam
579 1521 702 1553 tradidi
731 1521 960 1554 Gramaticam
985 1523 1164 1555 secundum
1195 1523 1327 1566 linguas
1353 1523 1497 1556 diversas
1521 1530 1619 1566 prout

69 1573 181 1605 valent
197 1573 266 1605 imo
282 1573 389 1606 eciam
405 1574 585 1605 necessarie
601 1578 676 1605 sunt
693 1575 804 1606 studio
818 1575 1024 1613 Latinorum,
1039 1580 1071 1607 et
1083 1576 1258 1616 Logicalia
1275 1587 1349 1608 cum
1366 1575 1430 1609 hiis
1445 1577 1617 1618 expedivi?

68 1622 169 1668 'atque
184 1626 217 1657 in
234 1627 378 1658 secundo
394 1626 562 1658 volumine
579 1627 721 1658 tractavi
743 1632 854 1669 partes
876 1627 1139 1667 Mathematice;
1165 1639 1251 1661 nunc
1274 1629 1306 1660 in
1329 1629 1429 1661 tercio
1448 1634 1621 1661 occurrunt

69 1678 259 1720 Naturalia,
275 1683 307 1710 et
323 1679 355 1710 in
373 1683 492 1721 quarto
508 1679 779 1720 Metaphisicalia
795 1690 871 1711 cum
889 1680 1076 1712 Moralibus
1093 1680 1335 1722 subjungentur.

115 1733 174 1761 24.
221 1731 238 1762 f
253 1740 281 1764 1.
297 1731 320 1762 b
339 1740 368 1763 1.
414 1732 467 1763 De
478 1731 542 1762 hiis
552 1741 629 1763 vero
641 1731 860 1763 Naturalibus
871 1732 974 1764 multe
985 1733 1126 1765 sciencie
1138 1738 1223 1773 sunt,
1236 1733 1317 1765 sicut
1331 1734 1364 1764 in
1375 1733 1620 1775 Methaphisica

69 1794 146 1815 mea
172 1787 274 1825 patet,
304 1783 351 1815 ibi
382 1784 470 1815 enim
501 1784 724 1815 demonstravi
756 1785 845 1826 quod
878 1789 1008 1826 oportet
1039 1786 1128 1827 quod
1159 1786 1303 1827 quadam
1335 1785 1476 1818 sciencia
1506 1786 1547 1817 sit
1578 1785 1620 1817 de

70 1836 314 1868 Communibus
329 1836 557 1875 NaturaHbus,
573 1847 650 1867 nam
674 1840 783 1878 preter
803 1837 960 1878 specialia
982 1842 1057 1868 sunt
1079 1838 1325 1880 quamplurima
1347 1840 1535 1869 communia
1556 1848 1619 1880 que

69 1888 233 1920 sufficiunt
249 1889 282 1920 in
299 1889 484 1930 quantitate
499 1888 542 1920 ad
559 1889 736 1920 scienciam
754 1899 925 1930 magnam,
946 1913 953 1920 .
970 1912 977 1920 .
996 1913 1004 1921 .

114 1943 172 1972 25.
219 1941 239 1972 f.
259 1950 275 1971 2
293 1951 313 1972 a
332 1950 359 1972 1.
406 1941 471 1972 Sed
495 1940 560 1973 alie
584 1941 723 1973 sciencie
746 1941 914 1973 naturales
937 1947 1029 1973 erunt
1053 1951 1185 1984 magne,
1209 1952 1344 1983 quarum
1368 1941 1472 1973 multe
1494 1941 1619 1974 habent

70 1992 179 2034 plures
206 1993 268 2024 sub
295 2003 328 2025 se
355 1993 524 2033 sciencias,
552 1993 636 2024 sicut
669 1993 702 2024 in
734 1993 979 2035 Methaphisica
1010 1993 1147 2035 planum
1179 1998 1238 2025 est.
1279 1994 1369 2025 Nam
1395 1994 1516 2026 nobilis
1543 2005 1620 2036 pars

70 2044 325 2087 Meffiaphisice,
344 2055 418 2077 curn
436 2046 479 2076 sit
502 2045 688 2078 communis
708 2046 860 2077 omnibus
879 2045 1042 2084 scienciis,
1067 2050 1115 2077 est
1139 2045 1180 2077 de
1201 2046 1329 2087 origine
1350 2050 1383 2078 et
1404 2047 1619 2078 distinccione

70 2102 102 2129 et
115 2108 253 2129 numero
269 2102 302 2129 et
319 2098 434 2129 ordine
451 2098 666 2129 scienciarum
679 2097 837 2135 omnium,
851 2098 1025 2129 ostendens
1038 2098 1174 2140 propria
1187 2098 1322 2130 cuilibet
1335 2103 1367 2130 et
1379 2098 1618 2131 demonstrans.

70 2150 249 2182 Declaravi
280 2150 380 2191 igitur
406 2150 439 2181 in
464 2150 524 2181 illa
555 2155 648 2192 parte
677 2150 922 2191 Methaphisice
949 2151 1038 2192 quod
1063 2155 1171 2192 preter
1199 2151 1375 2183 scienciam
1407 2161 1618 2184 communem

70 2202 279 2234 naturalibus
309 2207 384 2234 sunt
415 2207 541 2244 septem
572 2202 751 2243 speciales:
784 2203 845 2234 viz.
878 2203 1105 2244 Perspectiva:
1138 2203 1356 2235 Astronomia
1382 2203 1555 2244 judiciaria
1585 2208 1619 2235 et

71 2255 260 2297 operativa:
293 2254 443 2287 Sciencia
469 2255 664 2297 ponderum,
694 2255 736 2286 de
761 2255 918 2296 gravibus
943 2261 975 2287 et
1000 2255 1150 2288 levibus:
1176 2255 1348 2288 Alkimia:
1381 2256 1618 2298 Agricultura:

72 2307 259 2340 Medicina:
285 2308 434 2340 Sciencia
450 2307 741 2349 Experimentalis,

115 2362 175 2391 26.
220 2361 242 2392 f.
262 2370 280 2401 3
297 2371 316 2391 a
335 2370 363 2391 2.
411 2359 465 2391 Sic
480 2370 558 2400 ergo
575 2370 692 2401 grosso
709 2359 810 2391 modo
826 2359 962 2401 exposui
979 2359 1136 2391 sciencias
1154 2364 1230 2392 octo
1246 2359 1412 2392 naturales
1427 2360 1468 2392 de
1481 2371 1618 2403 quarum

70 2417 187 2444 natura
203 2419 234 2444 et
256 2413 527 2454 proprietatibus,
549 2417 580 2444 et
604 2412 744 2443 aliarum
761 2412 990 2451 sciendarum,
1012 2423 1172 2454 magnum
1196 2413 1368 2455 composui
1387 2418 1562 2445 tractatum
1586 2414 1618 2444 in

71 2464 305 2506 Metaphisica,
335 2464 426 2505 cujus
457 2465 628 2506 proprium
656 2470 704 2496 est
728 2464 930 2505 distinguere
955 2476 1070 2496 omnes
1095 2464 1265 2505 sciencias,
1294 2470 1326 2497 et
1350 2465 1427 2497 dare
1455 2467 1619 2498 racionem

70 2517 290 2549 universalem
306 2517 348 2548 de
364 2517 529 2555 omnibus,
550 2541 558 2548 .
579 2541 587 2549 .
605 2541 612 2548 .
634 2540 641 2548 .

115 2573 174 2604 27.
221 2570 244 2602 f.
262 2579 280 2612 5
298 2581 318 2601 a
338 2579 365 2602 Ι.
415 2571 468 2602 De
491 2569 607 2601 effectu
623 2570 725 2611 igitur
750 2568 859 2612 primo
881 2579 968 2601 nunc
990 2574 1038 2601 est
1063 2569 1240 2602 dicendum
1267 2569 1323 2612 qui
1346 2575 1482 2602 vocatur
1505 2570 1620 2602 Virtus

71 2623 210 2665 agentis,
237 2627 270 2654 et
298 2622 499 2658 Similitudo,
525 2626 557 2654 et
584 2622 728 2664 Species,
755 2627 788 2653 et
814 2621 956 2663 Ymago‚
990 2627 1022 2653 et
1053 2622 1168 2653 multis
1194 2621 1268 2654 aliis
1291 2623 1494 2663 nominibus,
1519 2627 1554 2654 ut
1585 2623 1618 2653 in

71 2675 328 2717 Methaphisicis
343 2675 510 2707 edocetur.
527 2699 535 2706 .
553 2697 562 2706 .
581 2698 588 2706 .

115 2731 175 2760 28.
220 2727 242 2760 f.
261 2738 278 2769 5
296 2728 319 2759 b
338 2736 364 2759 1.
411 2727 467 2759 Set
484 2737 581 2758 omne
598 2726 750 2758 accidens
773 2725 873 2758 distat
896 2726 929 2757 in
948 2725 1113 2758 infinitum
1132 2736 1152 2757 a
1173 2726 1349 2758 nobilitate
1373 2726 1569 2763 substancie,
1586 2731 1617 2757 et

71 2780 148 2812 ideo
164 2780 273 2822 primo
289 2779 509 2822 multiplicata
526 2779 562 2811 fit
578 2780 704 2821 speeies
721 2779 917 2816 substancie,
936 2784 969 2810 et
985 2779 1179 2811 secundario
1197 2780 1322 2822 species
1346 2779 1540 2818 accidentis,
1557 2788 1617 2809 nec

71 2837 181 2874 potest
197 2832 294 2864 aliter
309 2843 390 2873 esse,
408 2833 491 2864 sicut
507 2833 540 2863 in
557 2831 810 2873 Methaphisicis
824 2831 1056 2864 demonstravi.
1076 2856 1082 2864 .
1100 2857 1106 2864 .
1127 2855 1135 2863 .
