1904 3171
804 155 853 194 37

65 255 282 309 attingere
319 257 374 298 ad
413 256 588 310 plenam
625 256 781 298 horum
813 259 1056 308 veritatem,
1089 274 1167 301 nec
1204 263 1259 302 ad
1297 264 1599 307 certitudinem

63 324 367 377 sufficientem,
397 332 577 379 propter
621 326 740 379 quod
768 325 773 380 Ι
802 326 1033 368 Avicenna
1069 327 1203 369 dicit1
1240 333 1359 383 quod
1395 335 1599 386 pulcritu-
1621 348 1661 381 29
1679 340 1701 372 b
1721 351 1749 372 2·

63 393 209 434 dinem
232 395 400 435 domini
423 395 669 436 seculorum
691 396 765 449 qui
788 402 854 437 est
877 397 915 436 ei
939 397 981 437 in
1004 411 1139 451 regno
1161 412 1252 449 SUO,
1270 407 1313 442 et
1335 416 1411 443 sue
1431 404 1600 446 virtutis

63 463 246 512 infinite,
269 470 311 505 et
341 465 582 518 primorum
614 465 923 520 principiorum
955 480 1039 520 que
1065 474 1166 508 sunt
1195 470 1400 522 proxima
1423 473 1600 515 domino

62 533 318 583 seculorum,
358 541 425 575 est
466 541 617 576 nostra
653 535 890 589 disposicio
927 533 1010 593 [ni]
1056 537 1167 578 sicut
1211 539 1446 593 disposicio
1482 544 1599 584 surdi

61 618 87 644 a
110 603 335 645 nativitate
357 605 412 645 ad
434 604 691 655 armoniam,
715 610 764 645 ut
786 605 903 658 prius
924 605 1018 658 ejus
1035 607 1271 649 auctoritas
1293 609 1459 662 plenior
1481 617 1599 653 tacta

61 679 139 713 est.
204 674 264 714 Et
287 673 542 715 Aristotiles
575 674 674 714 ideo
707 674 750 714 in
783 674 870 715 fine
899 674 1055 716 Etlez‘ce
1077 677 1254 729 quando
1283 679 1509 722 descendit
1541 681 1598 722 ad

61 741 219 783 librum
263 743 409 797 legum
452 742 589 785 dicit2
621 744 739 797 quod
775 744 1072 797 ‘propositum
1115 759 1241 786 suum
1283 754 1349 788 est
1384 749 1598 802 perfeccio

59 812 376 864 speculacionis
408 813 650 854 secundum
674 826 924 853 mensuram
947 827 1076 867 posse
1100 814 1377 870 philosophie
1405 818 1447 858 in
1470 820 1598 860 rebus

59 879 291 933 hum'anis‚'
314 896 401 924 non
432 896 689 936 presumens
720 883 824 923 dare
856 882 1113 937 simpliciter
1149 884 1338 937 perfecte
1365 887 1595 928 veritatem

60 949 206 1004 legum
229 952 415 1001 vivendi,
437 952 578 993 sciens
599 966 725 992 suum
748 951 968 993 defectum
993 958 1036 993 et
1057 953 1434 1006 imperfeccionem
1458 956 1596 1011 philo-

58 1020 225 1073 sophie,
247 1022 289 1062 in
321 1035 409 1075 qua
441 1028 590 1062 tamen
621 1020 836 1076 prevaluit
874 1020 988 1062 ultra
1020 1036 1186 1063 omnes.
1250 1023 1309 1064 Et
1345 1024 1598 1068 Alfarabius

57 1087 252 1142 loquitur
279 1091 435 1132 melius
462 1091 668 1132 omnibus
700 1091 743 1131 in
776 1091 858 1132 hac
888 1097 1025 1145 parte,
1053 1092 1268 1142 videlicet,
1302 1096 1419 1147 quod
1452 1101 1596 1136 totum

57 1161 175 1212 quod
208 1166 274 1202 est
306 1161 349 1201 in
382 1161 511 1202 sectis
543 1175 631 1202 non
664 1167 731 1202 est
759 1161 830 1202 via
852 1175 931 1202 sua
959 1167 1008 1202 ut
1037 1162 1321 1215 experiantur
1351 1165 1596 1206 racionibus

57 1229 260 1271 humanis
296 1231 506 1285 quoniam
539 1237 640 1272 sunt
677 1231 851 1272 alcioris
878 1231 1068 1281 ordinis3
1111 1245 1210 1273 cum
1249 1233 1333 1274 sint
1369 1240 1594 1288 assumpte

56 1299 112 1340 ab
145 1300 435 1354 inspiracione
471 1301 620 1343 divina
659 1302 867 1355 quoniam
906 1302 948 1342 in
987 1301 1048 1341 eis
1087 1308 1254 1342 secreta
1294 1310 1395 1344 sunt
1435 1303 1596 1355 divina,

55 1382 82 1409 a
132 1382 319 1422 quorum
371 1370 764 1424 comprehensione
813 1370 1099 1412 debilitantur
1147 1371 1339 1412 raciones
1394 1371 1596 1424 humane,

56 1451 199 1492 neque
230 1446 559 1493 consequuntur
590 1454 651 1481 ea.
717 1440 778 1481 Et
814 1440 971 1481 iterum
1004 1440 1195 1481 hominis
1225 1441 1295 1481 via
1327 1454 1413 1482 non
1445 1447 1524 1491 est,
1547 1448 1595 1483 ut

56 1507 199 1561 ipsum
222 1509 407 1563 adipisci
440 1508 571 1550 faciat
602 1510 840 1563 prophecia
867 1509 936 1551 vel
965 1509 1209 1563 inspiracio‚
1233 1510 1313 1550 nisi
1335 1510 1442 1552 illud
1471 1511 1594 1564 cujus

54 1578 298 1631 proprietas
331 1585 423 1630 est3
456 1593 510 1619 ne
542 1578 646 1623 illud
680 1579 1023 1634 comprehendat
1055 1579 1230 1620 racione
1261 1593 1351 1631 sua,
1373 1586 1417 1621 et
1449 1594 1474 1620 a
1505 1595 1593 1634 quo

53 1648 169 1689 racio
191 1649 326 1702 ipsius
349 1650 596 1702 pertransit.
660 1650 776 1691 Nam
810 1650 845 1691 si
877 1664 977 1699 non,
1003 1656 1106 1691 tunc
1138 1649 1472 1704 inspiracionem
1506 1664 1592 1691 non

54 1723 168 1758 esset
199 1719 388 1761 intencio
420 1733 561 1773 neque
592 1719 773 1772 lucrum,
805 1734 904 1761 curn
941 1720 1078 1760 homo
1112 1733 1199 1759 non
1237 1719 1475 1760 lucraretur
1511 1720 1591 1760 nisi

53 1787 160 1829 illud
183 1790 301 1842 quod
323 1789 416 1840 scit,
438 1795 483 1830 et
505 1790 623 1842 quod
647 1790 684 1830 ei
707 1796 774 1830 est
802 1789 1010 1843 possibile
1031 1788 1401 1843 comprehendere
1422 1789 1591 1830 racione

52 1871 141 1898 sua.
219 1858 280 1899 Et
316 1858 352 1899 si
386 1858 447 1899 ita
483 1864 596 1899 esset
630 1859 882 1900 dimittendi
921 1864 1065 1901 essent
1106 1857 1306 1899 homines
1343 1858 1589 1899 racionibus

52 1927 156 1978 suis,
187 1933 232 1968 et
264 1940 352 1968 non
384 1935 499 1969 esset
531 1928 594 1968 eis
625 1929 869 1969 necessaria
902 1927 1138 1982 prophecia
1171 1940 1312 1979 neque
1345 1927 1589 1980 inspiracio,

51 2010 202 2037 verum
234 1996 341 2038 illud
372 2010 461 2038 non
495 2004 562 2038 est
596 1997 762 2040 factum
795 1998 868 2039 eis.
945 1997 1227 2051 Quapropter
1257 2002 1432 2049 oportet
1455 2003 1503 2038 ut
1529 1997 1589 2038 sic

50 2063 158 2107 illud
181 2068 300 2120 quod
320 2067 499 2120 adipisci
518 2066 649 2112 faciat
671 2068 916 2122 inspiracio,
933 2067 1055 2120 cujus
1070 2065 1401 2119 comprehensio
1420 2079 1506 2106 non
1523 2073 1588 2107 est

50 2136 92 2177 in
116 2137 317 2189 potencia
338 2144 582 2179 nostrarum
605 2135 841 2187 arcionum,
859 2137 1047 2191 amplius
1070 2149 1157 2176 non
1175 2136 1280 2176 illud
1297 2141 1478 2183 tantum,
1497 2136 1588 2176 imo

49 2205 169 2258 quod
184 2212 331 2246 nostre
353 2206 548 2248 raciones
572 2213 744 2260 negant.
796 2207 912 2248 Nam
927 2213 1072 2246 totum
1091 2206 1209 2258 quod
1224 2204 1505 2245 vehementer
1521 2212 1586 2246 est

49 2283 257 2327 negatum
289 2275 405 2329 apud
439 2289 520 2316 nos
558 2283 625 2317 est
656 2276 860 2317 ultimum
892 2276 934 2316 in
966 2275 1059 2322 hoc,
1094 2280 1141 2314 ut
1173 2273 1229 2313 sit
1260 2273 1469 2326 adeptum
1507 2287 1586 2327 per

47 2344 396 2398 inspiracionem.
460 2346 521 2386 Et
551 2345 657 2387 illud
684 2352 762 2396 est,
785 2346 994 2399 quoniam
1023 2343 1097 2384 illa
1124 2357 1210 2397 que
1238 2343 1509 2396 accipiuntur
1541 2344 1583 2384 in

48 2414 176 2455 sectis
208 2428 294 2468 que
325 2421 491 2468 negant
524 2421 568 2460 et
600 2415 837 2456 abhorrent
869 2421 1050 2462 mentes,
1072 2426 1159 2454 non
1192 2419 1294 2453 sunt
1326 2413 1369 2452 in
1399 2413 1583 2453 veritate

47 2485 260 2537 neganda,
301 2484 390 2524 imo
432 2492 536 2526 sunt
577 2499 681 2526 vera
723 2486 765 2526 in
808 2484 1054 2525 racionibus
1095 2482 1263 2523 divinis.
1327 2481 1445 2522 Nam
1481 2482 1581 2523 licet

46 2553 182 2594 homo
204 2559 495 2607 consequatur
518 2554 649 2595 finem
671 2555 714 2594 in
737 2553 1021 2604 humanitate,
1044 2557 1193 2592 tamen
1219 2551 1327 2592 ordo
1350 2549 1444 2603 ejus
1466 2552 1582 2604 apud

45 2623 284 2664 habentem
318 2623 512 2665 raciones
549 2624 729 2665 diversis
763 2629 829 2664 est
865 2623 973 2663 ordo
1014 2621 1189 2662 infantis
1228 2628 1271 2662 et
1306 2620 1427 2674 pueri
1464 2621 1580 2673 apud

45 2692 268 2733 hominem
287 2693 539 2747 perfectum.
594 2693 719 2734 Sicut
737 2693 851 2733 enim
870 2691 1014 2744 plures
1030 2691 1262 2731 infancium
1283 2696 1326 2730 et
1349 2701 1579 2742 puerorum

47 2769 211 2816 negant
241 2762 330 2802 suis
363 2761 607 2804 racionibus
639 2763 694 2804 de
723 2762 807 2802 illis
836 2761 963 2801 rebus
986 2774 1071 2813 que
1100 2760 1143 2799 in
1165 2759 1348 2800 veritate
1371 2772 1458 2799 non
1480 2765 1582 2800 sunt

179 2853 190 2870 1
215 2852 294 2884 Mel.
310 2857 333 2884 t.
351 2852 397 2884 ix.
415 2863 444 2885 c.
464 2863 493 2892 7.
671 2853 683 2870 ²
705 2852 876 2883 Averroes
893 2851 926 2882 in
940 2850 1070 2890 Etlzicis,
1091 2850 1111 2881 l.
1135 2860 1182 2882 10.
1198 2860 1226 2882 c.
1251 2859 1299 2889 11,
1318 2849 1351 2880 in
1370 2849 1450 2880 fine.
