1904 3171
770 155 821 194 25

27 255 287 311 qualitatem
319 262 362 297 et
390 256 617 310 quiescant
651 258 692 298 in
725 272 778 298 eo
808 258 952 299 anime
983 271 1159 299 eorum:
1194 263 1237 298 et
1269 265 1316 298 ut
1345 257 1560 300 felicitatis

27 333 71 367 ct
115 325 289 367 terroris
335 324 570 367 inducant¹
612 327 820 381 exempla
860 341 936 381 per
976 340 1061 381 que
1103 327 1184 380 ipsi
1228 326 1474 381 intelligant
1515 334 1560 368 et

26 394 313 450 ymaginant2
335 396 389 436 de
407 396 481 447 eis,
498 397 727 438 veritatem
746 404 894 438 autem
912 410 999 438 non
1017 396 1196 451 detegat
1214 397 1276 438 eis
1294 397 1372 437 nisi
1391 397 1559 450 aliquid

26 478 272 515 commune,
296 464 473 516 scilicet,
495 467 613 519 quod
637 474 703 508 est
725 467 890 520 aliquid
913 466 1030 520 quod
1054 479 1133 507 nec
1156 465 1305 508 oculus
1325 467 1435 508 vidit
1451 466 1466 489 3
1483 480 1562 508 nec

26 535 141 576 auris
169 535 349 586 audivit,
371 542 415 576 et
441 536 559 588 quod
591 535 676 576 illic
707 543 770 578 est
800 550 983 591 regnum
1012 535 1322 578 delectacionis
1356 536 1561 585 maxime,

26 610 69 645 et
90 602 253 645 doloris
279 610 344 645 est
368 604 522 645 horror
548 611 734 646 eternus.
758 638 766 647 .
789 639 797 647 .
821 639 829 648 .
853 606 955 647 Non
985 612 1134 647 tamen
1159 612 1225 646 est
1251 606 1561 647 inconveniens

26 673 146 725 quod
173 672 352 715 inducat
371 673 421 716 in
450 687 530 714 sua
558 673 775 717 rethorica
800 674 948 729 aliqua
977 674 1168 728 capitula
1190 675 1511 728 assignancium
1528 673 1560 726 4,

26 755 112 795 que
133 748 261 796 aptos
283 742 538 784 naturaliter
555 751 759 785 moveant
776 745 831 785 ad
854 745 1180 798 inquisicionem
1199 744 1508 798 sapiencialem
1525 743 1532 759 '
1549 760 1558 784 :

26 817 70 852 et
97 811 179 854 hec
207 813 356 854 omnia
387 813 539 855 dicunt
568 812 797 855 Avicenna
829 820 872 856 et
903 815 987 856 alii.
1052 815 1102 855 In
1134 815 1217 856 isto
1249 821 1396 856 autem
1425 815 1560 868 cultu,

25 881 266 922 secundum
309 882 586 924 Avicennam
627 889 672 924 et
712 884 833 934 alios,
864 884 1029 925 habent
1071 884 1259 925 ordinari
1301 884 1479 938 templa,
1516 891 1560 925 et

25 951 262 1003 oraciones,
285 957 328 992 et
360 951 624 1005 oblaciones,
653 959 696 994 et
728 952 946 1003 sacrificia,
970 959 1013 994 et
1039 953 1203 1007 jejunia
1233 961 1278 995 et
1311 955 1558 1008 peregrina-

25 1020 174 1063 ciones
197 1021 391 1063 maxime
412 1022 469 1063 ad
498 1022 642 1063 locum
673 1022 941 1076 legislatoris,
966 1028 1013 1063 ut
1034 1022 1249 1064 habeatur
1278 1023 1318 1063 in
1348 1024 1561 1065 memoria

26 1096 71 1131 et
101 1091 400 1133 veneracione.
465 1092 524 1133 Et
552 1091 804 1134 Aristotiles
837 1092 944 1134 dicit
975 1106 1198 1146 nunquam
1231 1094 1562 1135 verecundiores

25 1173 105 1201 nos
124 1174 217 1202 esse
231 1161 390 1202 debere
403 1175 536 1215 quam
551 1175 651 1202 cum
667 1162 722 1203 de
737 1162 892 1203 divinis
909 1167 1089 1215 agatur3
1118 1162 1152 1201 si
1169 1161 1381 1204 intramus
1395 1162 1562 1217 templa

25 1229 160 1271 simus
175 1231 431 1285 compositi3
458 1231 492 1272 si
507 1232 563 1273 ad
576 1231 836 1273 sacrificium
851 1231 1065 1273 accessuri
1079 1231 1245 1272 visum⁵
1259 1232 1559 1282 demittamus,

25 1299 60 1340 si
92 1299 135 1340 in
167 1300 367 1342 oracione
398 1308 661 1354 argumento
692 1301 907 1342 modestie
938 1301 1185 1354 fungamur.
1246 1301 1306 1342 Et
1329 1302 1428 1343 ideo
1458 1303 1562 1345 dicit

25 1369 256 1411 Avicenna
272 1371 287 1395 ⁶
306 1387 314 1411 z
345 1373 355 1390 ‘
370 1370 560 1425 Oportet
582 1377 629 1412 ut
651 1371 807 1413 doctor
828 1372 983 1413 doceat
1001 1377 1218 1412 oratorem
1236 1371 1561 1425 disposiciones,

25 1439 184 1491 quibus
225 1447 512 1493 preparantur
552 1441 607 1481 ad
649 1440 880 1491 orandum,
919 1440 1295 1493 quemadmodum
1338 1442 1562 1483 consuevit

24 1507 161 1549 homo
182 1523 415 1563 preparare
436 1523 482 1550 se
504 1509 560 1550 ad
584 1511 899 1551 occurrendum
921 1509 1011 1563 regi
1039 1509 1235 1550 humano
1268 1510 1310 1550 in
1341 1511 1563 1552 mundicia

25 1582 70 1626 et
100 1578 269 1628 decore,
301 1585 345 1620 et
377 1586 426 1621 ut
457 1579 589 1620 faciat
620 1592 869 1621 assuescere
900 1579 1119 1620 mundicie
1150 1585 1194 1620 et
1229 1580 1374 1621 decori
1407 1578 1562 1620 firma⁷

25 1647 343 1689 consuetudine
361 1662 370 1699 ;
399 1655 442 1690 et
460 1648 660 1690 instituat
678 1662 779 1689 eum
802 1650 858 1690 ad
882 1649 1063 1689 modum
1085 1648 1275 1690 hominis
1292 1648 1562 1702 preparantis

25 1729 73 1757 se
94 1716 138 1757 in
163 1731 391 1759 occursum
416 1719 529 1773 regis
552 1732 650 1759 cum
672 1717 932 1769 humilitate,
950 1718 1055 1760 wltu
1078 1719 1280 1768 demisso,
1302 1718 1561 1772 compressis

25 1786 245 1839 membris,
265 1796 463 1830 cessante
495 1802 520 1829 a
547 1787 824 1830 revolucione
856 1794 900 1829 et
928 1789 1049 1828 omni
1080 1786 1440 1842 perturbacione.'
1502 1788 1563 1829 Et

25 1855 319 1899 determinant
341 1858 603 1913 philosophi,
628 1865 676 1899 ut
691 1857 921 1898 Avicenna
942 1865 986 1899 et
1007 1857 1093 1908 alii,
1115 1857 1234 1911 quod
1250 1857 1265 1881 ⁸
1288 1857 1564 1912 ‘sollempni-

26 1931 139 1967 tates
163 1941 320 1981 magne
341 1929 504 1970 debent
526 1928 660 1969 statui
688 1941 740 1969 eo
766 1928 887 1980 quod
917 1926 1082 1969 faciunt
1110 1934 1264 1983 gentes
1295 1928 1564 1981 congregari,

26 2001 70 2036 et
111 1996 219 2038 dant
261 1998 323 2038 eis
365 1998 595 2040 audaciam
638 2004 682 2039 et
724 1996 1041 2038 emulacionem
1083 1996 1220 2050 legis;
1269 2003 1312 2038 et
1348 1996 1565 2038 oracionis

26 2064 321 2108 multitudinis
343 2068 664 2109 exaudiuntur:
695 2073 739 2108 et
755 2072 936 2120 propter
953 2079 1027 2107 eas
1045 2066 1217 2107 eveniat
1233 2065 1564 2107 benedicciones

25 2148 51 2175 a
93 2133 220 2177 Deo.'
297 2136 357 2178 Et
399 2136 598 2179 similiter
626 2135 631 2192 Ι
659 2136 955 2177 fraternitates
995 2134 1221 2189 generales
1267 2135 1429 2176 debent
1470 2134 1562 2175 fieri

26 2211 205 2259 propter
236 2206 415 2248 easdem
447 2220 612 2249 causas.

85 2275 145 2316 Et
187 2277 413 2330 quomodo
455 2277 498 2318 in
542 2276 720 2329 speciali
766 2276 911 2318 oracio
956 2274 1265 2317 convenienter
1306 2274 1395 2324 fiat,
1435 2274 1565 2316 docet

26 2344 214 2387 Hermes
233 2346 478 2387 Mercurius
500 2346 543 2386 in
566 2345 678 2386 libro
693 2345 768 2386 De.
785 2344 970 2387 Divinis
982 2345 1012 2396 ⁹,
1034 2344 1242 2398 incipiens
1263 2344 1324 2386 sic
1347 2345 1565 2398 preclare:

27 2414 199 2456 ‘Nichil
241 2416 366 2457 deest
407 2415 488 2469 ipsi
527 2416 637 2465 Deo,
669 2421 735 2456 set
772 2429 852 2457 nos
889 2420 1071 2468 agentes
1106 2415 1276 2468 gracias
1317 2414 1564 2456 adoremus.

26 2483 123 2529 Hec
154 2485 269 2526 enim
301 2490 404 2526 sunt
436 2499 609 2526 summe
640 2485 917 2526 incensiones
950 2484 1048 2537 Dei,
1069 2484 1215 2538 gracie
1246 2497 1344 2525 cum
1378 2491 1566 2538 aguntur

26 2553 309 2595 mortalibus?
373 2554 493 2596 Dicit
529 2555 683 2608 igitur:
718 2554 926 2596 ‘Gracias
963 2554 1043 2595 tibi
1077 2567 1263 2605 summe,
1295 2567 1564 2607 exsuperan-

70 2695 77 2712 ¹
104 2695 240 2726 inducat
257 2695 358 2728 Text.
535 2695 546 2713 ²
571 2695 645 2728 MS.
669 2695 882 2735 ymaginem.
1060 2695 1072 2714 ³
1095 2694 1168 2728 MS.
1188 2695 1322 2727 viderit.

68 2746 79 2765 ⁴
104 2748 177 2779 MS.
192 2748 476 2788 assignacionum.
632 2748 642 2764 ⁶
667 2748 740 2781 MS.
758 2749 892 2787 vistum,
912 2747 966 2778 sor
981 2747 1102 2779 visum.
1267 2749 1279 2767 ⁶
1301 2747 1378 2779 Met.
1397 2751 1419 2778 t.
1437 2757 1469 2779 x.
1487 2757 1513 2778 c.
1532 2757 1562 2787 3.

68 2799 85 2816 ⁷·
106 2800 179 2831 MS.
197 2811 339 2832 summa.
547 2800 558 2817 ⁸
584 2801 649 2832 loc.
667 2801 723 2832 cit.
742 2805 764 2832 t.
784 2811 817 2832 x.
835 2811 861 2831 c.
878 2810 910 2839 5.

69 2852 80 2870 ⁹
103 2852 218 2885 Aescl.
236 2853 369 2894 D1'alog.
387 2853 406 2886 s.
429 2864 499 2893 117.
549 2852 762 2892 lamblichus,
781 2852 911 2884 Venice
933 2854 1025 2892 1516,
1046 2853 1088 2885 so.

1584 2143 1707 2184 27b1.
