1904 3171
130 1445 258 1487 32b1.

1014 136 1068 176 50

263 242 595 298 corrupcionem
632 241 756 284 istius
793 241 914 297 legis,
952 255 1039 296 que
1081 241 1124 282 in
1172 254 1219 281 se
1261 239 1341 282 erit
1384 246 1592 294 corrupta
1626 245 1669 281 et
1712 239 1822 281 alias

264 327 561 368 corrumpens.
624 313 730 354 Non
777 319 929 354 tamen
971 311 1161 352 multum
1200 311 1390 362 durabit,
1433 317 1482 352 ut
1519 311 1684 360 dicunt,
1721 309 1824 364 quia

266 384 397 426 Luna
431 383 642 425 velociter
680 389 879 424 mutatur
915 397 941 423 a
977 381 1249 435 figuracione
1286 388 1331 422 et
1367 381 1464 422 luce
1500 395 1580 422 sua
1618 387 1662 422 et
1699 386 1822 422 motu

266 460 448 510 propter
478 454 742 495 brevitatem
777 453 842 493 sui
879 452 1041 494 circuli.
1105 452 1165 493 Et
1198 452 1294 500 hoc²
1327 457 1376 492 ut
1407 452 1571 499 dicunt,
1605 456 1826 492 statuetur

267 526 323 567 ab
356 525 504 579 aliquo
537 538 700 578 magno
732 530 776 565 et
809 528 994 577 potente
1025 522 1099 576 qui
1131 521 1377 576 prevalebit
1402 521 1511 572 aliis,
1541 527 1586 563 et
1614 522 1826 563 estimant

266 594 511 638 astronomi
544 593 708 643 fideles,
741 599 832 633 tam
868 593 1067 634 moderni
1101 606 1235 646 quam
1269 592 1451 645 antiqui,
1483 593 1603 646 quod
1638 592 1720 633 hec
1758 598 1827 633 est

265 665 342 707 lex
374 664 654 711 Antichristi,
688 663 792 717 quia
825 662 898 704 ille
935 663 1095 704 ultimo
1134 663 1178 703 in
1214 661 1301 702 fine
1339 663 1493 703 mundi
1532 663 1752 713 adveniet,
1782 668 1827 703 et

267 736 444 776 inducet
473 734 618 788 legem
648 733 958 787 corrupcioniS,
982 739 1026 773 et
1056 731 1296 773 infatuabit
1329 732 1546 772 mundum
1578 745 1656 785 per
1685 738 1825 773 artem

270 806 487 860 magicam
514 811 557 845 et
581 804 812 846 mendacia
835 817 926 844 sua.

330 877 433 918 Non
467 875 611 917 solum
643 875 705 916 sic
737 887 815 928 per
845 874 962 915 viam
994 872 1291 915 universalem
1327 873 1598 927 investigant
1631 872 1751 927 leges
1783 877 1829 913 et

269 954 410 989 sectas
446 952 514 988 set
550 959 629 1001 per
661 946 825 986 multas
862 944 970 986 alias
1001 944 1095 985 vias
1135 943 1433 998 particulares,
1467 957 1655 997 quarum
1693 956 1827 984 unam

270 1017 468 1058 recitabo
498 1016 647 1057 modo.
724 1015 786 1057 Et
817 1020 884 1056 est
916 1015 972 1056 de
1003 1014 1183 1069 speciali
1216 1013 1534 1068 conjunccione
1567 1013 1747 1056 Saturni
1785 1019 1830 1054 et

270 1087 393 1141 Jovis
415 1101 501 1141 que
522 1093 627 1128 sunt
642 1086 873 1127 individua
891 1084 1056 1127 alciora
1072 1090 1116 1125 et
1134 1081 1292 1139 priora.
1349 1084 1663 1126 Determinant
1677 1089 1828 1125 autem

271 1157 515 1198 astronomi
545 1164 634 1199 tres
656 1170 809 1198 eorum
832 1169 930 1197 esse
954 1154 1294 1209 conjuncciones
1312 1153 1338 1205 ¹,
1366 1168 1590 1209 magnam,
1611 1148 1830 1204 videlicet,

272 1226 501 1281 majorem,
518 1233 561 1268 et
584 1227 844 1268 maximam.
911 1225 1079 1280 Magna
1097 1230 1176 1276 est,
1195 1238 1282 1278 qua
1296 1224 1545 1278 junguntur
1563 1225 1607 1265 in
1624 1223 1830 1265 omnibus

271 1297 429 1352 viginti
453 1297 578 1338 annis
601 1297 643 1338 in
665 1310 931 1351 quocunque
953 1296 1081 1349 signo
1098 1295 1183 1336 hoc
1198 1295 1267 1337 sit.
1329 1295 1504 1348 Jupiter
1521 1295 1639 1335 enim
1657 1292 1831 1347 perficit

273 1382 451 1410 cursum
479 1382 607 1408 suum
639 1367 682 1408 in
704 1367 939 1408 duodecim
962 1366 1098 1415 annis,
1121 1372 1166 1407 et
1190 1366 1409 1407 Saturnus
1430 1365 1557 1418 quasi
1581 1365 1625 1405 in
1648 1364 1831 1418 triginta

275 1439 400 1480 annis
418 1445 462 1480 et
476 1438 576 1478 ideo
603 1437 608 1491 Ι
638 1436 687 1478 fit
705 1442 753 1478 ut
768 1443 869 1491 post
886 1436 1042 1490 viginti
1066 1449 1206 1477 annos
1224 1435 1471 1489 junguntur
1494 1436 1537 1476 in
1561 1448 1679 1475 nono
1701 1434 1830 1489 signo

275 1509 332 1550 ab
349 1523 414 1560 eo,
434 1509 478 1550 in
491 1523 582 1563 quo
599 1508 719 1561 prius
733 1507 873 1561 juncti
898 1506 1069 1548 fuerant
1091 1520 1100 1557 ;
1133 1511 1177 1547 et
1193 1513 1295 1559 post
1311 1505 1424 1547 alios
1439 1505 1594 1559 viginti
1615 1505 1657 1545 in
1675 1505 1830 1558 quinto

273 1595 299 1621 a
313 1580 456 1635 primo
476 1593 484 1631 3
517 1585 560 1620 et
578 1584 679 1632 post
695 1578 855 1619 tercios
869 1577 1025 1630 viginti
1044 1577 1201 1618 iterum
1222 1577 1264 1617 in
1283 1576 1358 1617 illo
1378 1577 1538 1630 primo.
1591 1576 1651 1617 Et
1668 1575 1750 1617 hec
1765 1581 1832 1617 est

275 1650 530 1705 conjunccio
557 1662 729 1703 magna,
756 1648 798 1688 in
826 1647 908 1689 hac
937 1646 1196 1701 triplicitate
1228 1647 1480 1697 duodecies,
1501 1645 1571 1687 vel
1593 1645 1833 1699 aliquando

275 1720 503 1771 terdecies,
521 1719 713 1773 primum
736 1718 854 1759 enirn
883 1717 1072 1771 signum⁷
1087 1717 1306 1770 quintum,
1325 1722 1369 1757 et
1389 1729 1553 1757 nonum
1574 1715 1739 1757 faciunt
1754 1715 1832 1757 tri-

276 1790 532 1845 plicitatem.
597 1789 657 1830 Et
673 1788 754 1829 hec
777 1787 1034 1841 conjunccio
1058 1787 1219 1828 dicitur
1241 1785 1491 1841 significare
1514 1785 1679 1840 pluries
1701 1798 1834 1840 super

276 1860 640 1902 sublimacionem
657 1872 809 1912 regum
826 1864 869 1899 et
888 1863 1136 1911 potentum,
1151 1863 1195 1897 et
1209 1870 1342 1910 super
1359 1856 1627 1910 gravitatem
1643 1868 1830 1902 annone,

277 1937 321 1972 et
343 1944 476 1984 super
492 1936 614 1971 ortus
631 1928 964 1984 prophetarum.
1018 1928 1078 1968 Et
1094 1933 1330 1981 postquam
1344 1927 1515 1967 tociens
1534 1926 1576 1966 in
1596 1926 1680 1966 ista
1694 1924 1832 1979 tripli-

279 2002 414 2043 citate
435 2000 658 2054 conjuncti
681 1999 854 2048 fuerint,
869 2004 916 2039 ut
931 1998 987 2039 ad
1003 1997 1132 2038 aliam
1151 2003 1392 2048 mutentur,
1408 2003 1514 2038 tunc
1528 2001 1711 2037 vocatur
1727 2008 1832 2036 con-

275 2071 454 2125 junccio
477 2070 632 2123 major.
700 2069 760 2111 Et
788 2069 874 2110 hoc
901 2067 950 2109 fit
982 2067 1024 2108 in
1058 2067 1268 2109 omnibus
1301 2067 1504 2108 ducentis
1537 2064 1834 2119 quadraginta

279 2142 405 2184 annis
422 2140 490 2181 vel
509 2140 690 2191 circiter,
704 2146 747 2181 et
771 2138 992 2192 significat
1013 2150 1146 2191 super
1168 2143 1333 2180 sectam
1359 2142 1403 2177 et
1423 2136 1720 2178 mutacionem
1739 2134 1834 2189 ejus

281 2212 324 2252 in
342 2210 610 2265 quibusdam
630 2208 894 2263 regionibus.
957 2208 1017 2248 Et
1035 2207 1215 2261 quando
1235 2213 1409 2247 mutata
1426 2205 1555 2246 fuerit
1578 2204 1834 2259 conjunccio

281 2282 338 2322 ab
362 2282 446 2323 ista
468 2279 719 2334 triplicitate
741 2278 783 2319 in
808 2277 952 2327 aliam,
978 2284 1025 2318 ut
1048 2292 1073 2318 a
1097 2276 1182 2318 fine
1205 2277 1340 2318 Tauri
1374 2277 1429 2317 ad
1453 2270 1629 2318 in‘icium
1654 2274 1836 2324 Arietis,

283 2359 386 2393 tunc
409 2350 567 2392 dicitur
589 2350 798 2399 maxima,
820 2362 899 2403 per
922 2338 1247 2390 revolucionem
1265 2347 1445 2389 Saturni
1461 2346 1644 2401 triginta
1658 2345 1835 2386 duobus

283 2421 463 2472 vicibus,
477 2427 521 2461 et
539 2419 589 2461 fit
607 2420 649 2460 in
667 2418 871 2460 omnibus
886 2418 1121 2472 nongentis
1137 2417 1394 2470 sextaginta
1409 2417 1544 2467 annis,
1559 2422 1602 2457 et
1618 2414 1836 2469 significat

284 2505 417 2546 super
449 2491 722 2531 mutaciones
755 2489 1037 2543 imperiorum
1068 2494 1112 2529 et
1141 2500 1394 2541 regnorum,
1424 2492 1467 2528 et
1497 2499 1627 2540 super
1653 2485 1836 2540 impres-

285 2562 432 2603 siones
459 2559 620 2613 ignitas
650 2558 691 2599 in
722 2572 822 2599 aere
845 2564 889 2599 et
912 2571 1043 2611 super
1066 2557 1281 2598 diluvium
1306 2562 1349 2597 et
1372 2569 1505 2611 super
1526 2562 1640 2606 terre
1662 2560 1835 2596 motum

287 2638 331 2673 et
367 2630 630 2686 gravitatem
668 2641 855 2669 annone.
920 2628 980 2668 Et
1012 2641 1099 2668 una
1132 2625 1273 2679 major
1303 2625 1373 2666 vel
1405 2625 1493 2666 fere
1525 2625 1723 2666 maxima
1754 2623 1836 2665 fuit

287 2700 656 2752 vicesimoquarto
678 2711 793 2738 anno
815 2696 1011 2751 Augusti
1037 2695 1221 2744 Cesaris,
1236 2708 1369 2748 quam
1392 2692 1836 2747 dixeruntsapientes

287 2768 527 2811 astronomi
560 2765 806 2822 significare
836 2780 969 2820 super
999 2765 1142 2820 legem
1174 2763 1481 2805 Mercurialem
1506 2762 1712 2804 futuram.
1775 2761 1836 2801 Et

696 2857 706 2875 ¹
732 2856 770 2887 In
791 2857 922 2897 margin
942 2857 1030 2887 Nota
1048 2857 1089 2887 de
1107 2855 1429 2887 Coniunccionibus.
