1904 3171
1057 118 1111 170 36

309 235 435 291 sophi
473 236 709 290 epistolam
743 249 877 290 quam
922 233 1166 275 Hammoni
1200 230 1326 272 diviti
1364 229 1623 284 conscripsit
1663 227 1747 270 sub
1787 226 1856 268 his

308 307 471 348 verbis:
515 306 811 348 ‘Anacharsis
862 305 1061 346 Hamoni
1104 302 1307 344 salutem.
1384 300 1522 341 Michi
1565 299 1746 342 amictui
1788 303 1855 339 est

310 376 523 418 Sciticum
541 377 748 431 tegimen,
765 375 1107 417 calciamentum
1130 372 1326 413 solorum
1350 370 1526 422 callum,
1545 369 1687 412 cubile
1708 376 1825 411 terra
1845 380 1854 417 ;

308 447 587 502 pulmentum
620 446 782 487 fames:
816 445 943 491 lacte,
971 457 1111 494 caseo,
1138 456 1270 483 carne
1302 456 1467 484 vescor.
1538 441 1688 496 Quare
1720 446 1768 481 ut
1799 439 1857 480 ad

308 531 379 558 me
397 518 596 571 quietum
618 516 779 558 venias.
846 515 1032 556 Munera
1054 514 1139 555 ista
1162 513 1324 565 quibus
1346 511 1590 553 delectatus
1619 524 1665 552 es
1688 510 1858 551 civibus

307 588 395 629 tuis
417 587 485 629 vel
509 587 593 629 diis
611 585 936 628 immortalibus
959 582 1105 627 dona.’
1167 581 1338 624 Tullius
1361 582 1514 636 quinto
1540 581 1824 633 Quescz'onum
1841 577 1856 603 ¹

307 658 422 699 hanc
459 656 696 711 epistolam
729 655 915 697 libenter
952 654 1120 697 recitat.
1184 652 1264 695 Set
1303 652 1472 694 Seneca
1513 652 1556 693 in
1593 652 1858 694 Prz'marum

307 728 616 782 Epistolarum
659 727 772 768 libro
814 726 923 767 dicit
959 725 1074 780 ‘Qui
1112 724 1209 766 exit
1248 723 1290 764 in
1335 722 1478 763 lucem
1520 721 1652 776 hujus
1693 720 1858 771 mundi,

308 805 540 840 contentus
562 798 618 839 sit
641 805 689 839 ut
711 811 826 852 pane
848 803 892 838 et
915 810 1030 850 aqua
1052 791 1198 836 vivat.’
1262 793 1322 834 Et
1344 793 1386 834 in
1409 791 1639 833 Phedrone
1661 791 1858 833 Platonis

308 868 495 922 legimus
518 869 638 922 quod
672 867 932 909 manifestus
955 874 1021 908 est
1051 865 1124 907 ille
1154 863 1445 919 philosophus
1467 862 1701 905 absolvens
1723 875 1858 916 quam

310 939 508 980 maxime
530 939 724 979 animam
742 952 768 979 a
786 937 984 992 corporis
1001 935 1328 983 communione,
1346 934 1421 988 qui
1441 932 1624 974 minime
1645 931 1860 974 sollicitus

307 1013 375 1050 est
390 1008 669 1062 voluptatum
687 1023 772 1063 que
787 1022 864 1062 per
878 1021 1037 1062 corpus
1050 1012 1164 1048 sunt.
1201 1004 1444 1046 Meditacio
1459 1004 1573 1044 enim
1588 1009 1704 1045 recte
1719 1001 1860 1056 philo-

308 1077 551 1132 sophorum
575 1085 641 1120 est
664 1078 831 1120 solucio
854 1083 899 1119 et
920 1076 1144 1131 separacio
1166 1072 1313 1117 anime
1334 1089 1360 1116 a
1382 1088 1578 1128 corpore.
1626 1071 1859 1115 Confidere

307 1149 435 1190 decet
477 1149 533 1190 de
564 1149 629 1190 sui
662 1149 810 1190 anima
842 1148 984 1189 virum
1017 1147 1093 1201 qui
1134 1144 1401 1199 voluptates,
1432 1157 1519 1197 que
1550 1135 1859 1197 circa'corpus

307 1225 425 1270 sunt,
467 1219 666 1273 permisit
707 1218 853 1260 valere
894 1218 1016 1259 velut
1056 1216 1232 1265 alienas,
1270 1228 1490 1256 exornans
1531 1213 1727 1255 animam
1772 1226 1860 1254 non

307 1288 450 1330 alieno
472 1303 626 1330 verum
649 1289 715 1330 sui
745 1289 882 1343 ipsius
911 1294 1082 1336 ornatu,
1106 1285 1358 1334 sobrietate,
1378 1284 1565 1338 justicia,
1589 1284 1859 1334 fortitudine,

306 1358 585 1409 liberalitate,
617 1366 752 1413 atque
783 1359 982 1401 veritate.
1045 1357 1331 1411 Quapropter
1365 1355 1539 1396 Tullius
1571 1355 1614 1395 in
1648 1354 1759 1396 libro
1790 1353 1860 1394 De

306 1428 650 1471 Immortalz'tale
680 1427 874 1470 Anime2
905 1442 962 1469 ex
1007 1426 1156 1468 multis
1199 1425 1424 1467 concludit
1465 1424 1586 1478 quod
1612 1427 1734 1466 ‘tota
1768 1423 1860 1464 vita

307 1498 673 1553 philosophorum
703 1498 1024 1540 commentacio
1055 1496 1209 1538 mortis
1239 1495 1352 1545 est';
1376 1509 1601 1537 secernere
1625 1509 1651 1536 a
1678 1507 1861 1548 corpore

308 1568 516 1618 animum,
540 1583 620 1611 nec
651 1569 888 1623 quicquam
911 1568 1031 1609 aliud
1065 1574 1132 1609 est
1157 1580 1289 1621 quam
1315 1566 1462 1606 emori.
1519 1565 1860 1618 Distinguamus

308 1653 413 1692 ergo
447 1653 525 1681 nos
557 1654 583 1681 a
614 1638 885 1694 corporibus,
918 1638 961 1680 id
995 1644 1072 1689 est,
1105 1649 1448 1678 consuescamus
1481 1635 1602 1687 mori,
1635 1634 1718 1676 hoc
1751 1634 1858 1675 dum

308 1710 471 1750 erimus
503 1709 546 1750 in
579 1711 705 1752 terris
739 1709 820 1751 erit
853 1708 914 1749 illi
949 1707 1100 1750 celesti
1122 1707 1213 1748 vite
1245 1706 1400 1756 simile,
1428 1712 1471 1747 et
1503 1719 1604 1746 cum
1634 1705 1768 1746 illuc3
1799 1718 1858 1745 ex

308 1778 391 1820 hiis
420 1779 604 1820 vinculis
633 1780 821 1821 feremur
842 1811 851 1820 .
886 1811 894 1820 .
930 1811 938 1820 .
971 1785 1066 1820 tum
1099 1777 1290 1830 denique
1321 1773 1549 1817 vivemus.'
1612 1775 1729 1816 Nam
1751 1774 1858 1816 ‘hec

307 1850 488 1904 quidem
520 1852 612 1891 vita
645 1865 763 1891 mors
796 1849 887 1900 est,’
917 1856 965 1891 ut
996 1849 1089 1903 ipse
1121 1848 1227 1890 dicit
1259 1846 1494 1901 eleganter.
1558 1846 1678 1888 ‘Nec
1702 1845 1860 1887 libera-

308 1920 427 1961 bitur
449 1920 584 1963 homo
607 1921 663 1961 ab
687 1921 769 1962 hoc
794 1920 962 1961 mundo
991 1926 1035 1961 et
1063 1919 1120 1959 ab
1143 1917 1237 1971 ejus
1266 1917 1494 1964 illecebris,
1518 1916 1598 1957 nisi
1619 1922 1857 1970 postquam

308 1990 444 2031 homo
473 1997 596 2032 totus
622 2004 860 2045 suspensus
887 1990 944 2031 ab
970 1989 1043 2030 illo
1067 1989 1232 2029 mundo
1256 1987 1405 2029 celesti
1429 1987 1647 2028 desideret
1669 1986 1710 2026 id
1736 1985 1858 2040 quod

309 2067 375 2102 est
408 2061 467 2102 ibi
501 2067 545 2102 et
576 2074 702 2102 amor
734 2074 886 2101 eorum
924 2073 1011 2113 que
1049 2066 1149 2100 sunt
1187 2057 1245 2098 ibi
1284 2063 1509 2098 removeat
1544 2069 1644 2096 eum
1681 2055 1860 2097 omnino

309 2144 335 2171 a
363 2131 719 2172 consideracione
748 2130 842 2184 ejus
872 2130 992 2183 quod
1023 2135 1090 2171 est
1119 2135 1221 2182 post
1247 2127 1316 2178 se,’
1341 2133 1387 2168 ut
1414 2126 1458 2167 in
1480 2125 1731 2168 Moralz'bus
1752 2124 1859 2167 dicit

309 2201 539 2243 Avicenna
553 2201 570 2225 4
591 2202 780 2257 egregie.

323 2272 470 2378 EX
498 2272 566 2314 his
588 2278 737 2327 potest
759 2272 865 2314 satis
888 2272 930 2312 in
955 2269 1189 2312 universali
1216 2275 1367 2324 patere
1399 2259 1518 2323 quod
1538 2272 1634 2309 tota
1664 2265 1858 2321 philoso-

432 2342 621 2395 phorum
652 2342 842 2384 intencio
874 2340 1127 2396 principalis
1159 2329 1376 2381 et'finalis
1409 2337 1488 2379 fuit
1518 2337 1632 2379 circa
1661 2337 1858 2378 divinam

308 2418 351 2451 et
378 2411 637 2464 angelorum
670 2412 976 2466 cognicionem
1008 2418 1050 2452 et
1085 2410 1264 2462 cultum,
1290 2416 1333 2450 et
1367 2421 1538 2449 morum
1566 2407 1858 2456 honestatem,

309 2485 353 2520 et
375 2479 524 2534 legum
547 2481 835 2532 nobilitatem,
854 2495 954 2522 cum
977 2485 1237 2533 contemptu
1260 2478 1478 2519 bonorum
1498 2477 1622 2518 istius
1638 2477 1727 2518 vite
1743 2482 1858 2518 tem-

310 2551 487 2603 poralis,
502 2557 550 2591 ut
567 2552 841 2605 pervenirent
863 2552 919 2592 ad
943 2556 1107 2591 statum
1133 2549 1276 2590 future
1299 2547 1598 2590 beatitudinis.
1627 2590 1635 2595 ,
1654 2545 1733 2588 Set
1755 2546 1858 2600 quia

308 2618 557 2661 intellectus
590 2626 738 2661 noster
769 2634 815 2661 se
847 2620 983 2661 habet
1016 2619 1072 2660 ad
1105 2632 1158 2660 ea
1189 2632 1276 2672 que
1305 2623 1405 2658 sunt
1433 2615 1792 2657 manifestissima
1814 2615 1858 2655 in

308 2696 464 2730 natura
492 2703 584 2739 sua,
606 2689 726 2730 velut
754 2688 907 2730 oculus
936 2688 1254 2744 vespertilionis
1281 2687 1338 2728 ad
1368 2687 1517 2727 lumen
1549 2685 1667 2733 solis,
1690 2691 1733 2726 et
1765 2684 1859 2737 hec,

308 2773 395 2812 que
432 2773 546 2801 nunc
587 2765 706 2800 tacta
748 2765 863 2810 sunt,
900 2766 1002 2800 sunt
1045 2758 1314 2812 hujusmodi,
1353 2757 1451 2797 ideo
1488 2769 1576 2797 non
1619 2761 1858 2808 potuerunt

355 2842 362 2859 ¹
392 2842 484 2873 thsc.
502 2842 599 2883 Disp.
616 2853 645 2873 v.
665 2852 718 2882 32.
800 2841 812 2859 ²
837 2841 914 2872 ibid.
935 2841 953 2872 i.
972 2850 1027 2881 31.
1111 2842 1115 2857 ³
1148 2840 1220 2871 MS.
1239 2839 1296 2871 ill'.
1384 2838 1395 2856 ⁴
1419 2838 1514 2869 Avic.
1535 2836 1611 2868 Met.
1630 2841 1652 2869 t.
1670 2837 1717 2869 ix.
1735 2847 1761 2867 c.
1781 2847 1811 2875 7.
