1904 3171
152 1502 277 1535 26b1.

1041 131 1094 161 20

292 236 418 279 nibus
445 236 712 278 Tusculanis.
775 236 1001 291 Quoniam
1024 242 1207 290 peccata
1236 235 1482 290 impediunt
1505 234 1653 276 anime
1676 231 1840 287 perfec-

293 308 463 347 cionem
503 315 547 350 et
589 306 928 361 acquisicionem
975 305 1195 347 felicitatis
1232 312 1393 347 eterne.
1457 305 1606 360 Quare
1649 299 1839 357 Algazel

294 375 430 418 dicit1
484 378 604 431 quod
647 376 751 417 ‘hec
806 375 990 417 felicitas
1034 376 1196 428 pendet
1249 389 1306 416 ex
1350 374 1624 429 perfeccione
1679 374 1837 416 anime.

295 447 516 490 Perfeccio
557 454 706 489 autem
743 446 836 500 ejus
878 444 1108 487 consistit2
1149 446 1191 486 in
1233 445 1421 493 duobus,
1457 445 1502 486 in
1537 445 1759 486 mundicia
1796 450 1840 485 et

293 524 463 559 ornatu.
542 516 768 558 Mundicia
811 522 877 556 est
909 521 957 555 ut
988 513 1227 568 expietur3
1259 528 1286 554 a
1316 515 1505 556 sordidis
1543 513 1752 565 moribus,
1795 518 1840 553 et

294 585 620 629 sanctificetur4
648 600 675 628 a
706 586 907 628 fantasiis
933 585 1161 639 turpibus3
1193 590 1373 626 ornatus
1403 591 1452 626 ut
1474 585 1772 640 depinguatur
1796 583 1839 624 in

295 672 347 699 ea
378 657 596 700 certitudo
616 657 815 698 veritatis
844 654 998 705 divine,
1026 660 1070 696 et
1096 668 1191 696 esse
1220 655 1364 696 tocius
1386 654 1572 696 universi
1598 654 1839 696 secundum

293 728 448 769 seriem
482 726 586 780 ejus,
623 725 927 768 revelacione.
952 756 962 766 .
986 756 995 766 .
1019 725 1062 765 in
1099 738 1187 779 qua
1216 738 1303 766 non
1338 724 1394 766 sit
1428 738 1546 766 error
1575 738 1654 766 nec
1692 722 1838 765 occul-

293 797 420 839 tacio.
495 795 632 838 Verbi
669 795 829 850 gracia,
867 795 978 836 sicut
1016 794 1247 848 speculum
1285 794 1354 835 cui
1395 807 1485 835 non
1521 800 1587 835 est
1622 793 1838 848 perfeccio

293 867 374 907 nisi
403 872 616 920 appareat
648 867 691 907 in
720 880 772 907 eo
802 864 943 908 forma
973 864 1217 919 pulchra..
1242 897 1250 906 .
1273 864 1394 918 quod
1426 877 1513 905 non
1542 862 1606 914 fit,
1629 864 1710 904 nisi
1738 876 1839 905 cum

293 936 474 977 omnino
491 942 656 977 tersum
678 935 809 977 fuerit
829 950 855 977 a
877 935 1005 976 sorde
1027 942 1071 976 et
1094 934 1308 989 rubigine,
1324 941 1367 975 et
1383 941 1539 989 postea
1561 939 1840 988 apponantur

294 1006 332 1047 ei
362 1006 500 1047 forme
529 1005 711 1060 pulchre
736 1039 743 1047 .
768 1038 776 1046 .
799 1038 808 1047 .
831 1005 1000 1046 Anima
1029 1005 1164 1058 igitur
1192 1011 1260 1046 est
1291 1005 1406 1046 sicut
1444 1003 1702 1058 speculum:
1735 1017 1840 1045 nam

293 1077 591 1131 depinguntur
613 1076 657 1117 in
675 1091 726 1118 ea
744 1075 884 1118 forme
905 1076 1047 1118 tocius
1065 1074 1258 1116 universi
1270 1088 1370 1116 curn
1395 1074 1610 1116 mundata
1624 1073 1640 1097 ⁵
1658 1080 1702 1115 et
1723 1080 1841 1116 tersa

293 1146 423 1188 fuerit
454 1161 480 1188 a
511 1147 701 1189 sordidis
731 1145 948 1188 moribus.'
1026 1146 1087 1187 Et
1114 1146 1214 1188 ideo
1247 1151 1432 1200 peccata
1459 1140 1841 1187 exsecant'homi-

293 1231 408 1267 nem,
440 1218 543 1271 quia
578 1218 721 1258 omnis
759 1217 901 1259 malus
943 1223 1010 1259 est
1051 1217 1271 1271 ignorans,
1306 1222 1355 1257 ut
1392 1214 1682 1257 Aristotiles⁶
1721 1215 1838 1257 dicit.

293 1288 354 1329 Et
397 1287 602 1330 Socrates
637 1288 709 1339 ait,
750 1288 871 1342 quod
906 1301 995 1328 non
1035 1294 1101 1329 est
1137 1286 1348 1342 possibile
1384 1292 1432 1327 ut
1470 1285 1603 1327 faciat
1639 1286 1739 1339 quis
1776 1285 1837 1326 fa-

292 1366 411 1401 ctum
440 1372 623 1413 pravum
652 1359 732 1400 nisi
764 1366 945 1413 propter
974 1358 1295 1412 ignoranciam:
1329 1356 1541 1410 quoniam
1564 1357 1744 1410 quando
1764 1369 1841 1397 ve-

294 1430 422 1471 niunt
452 1429 509 1470 ad
538 1429 789 1483 passionem
822 1429 1025 1470 desiderii
1057 1428 1284 1482 peccandi,
1316 1427 1481 1469 amittit
1513 1427 1761 1474 scienciam,
1796 1432 1841 1468 et

295 1500 558 1542 absorbetur
586 1497 594 1555 Ι
619 1499 876 1541 intellectus.
951 1499 1098 1541 Tanta
1140 1504 1206 1540 est
1248 1498 1386 1540 eciam
1428 1497 1660 1551 turpitudo
1696 1496 1842 1539 vilitas

294 1570 464 1624 peccati
495 1570 616 1624 quod
648 1569 834 1624 Sapiens
857 1569 993 1610 dicit:
1029 1568 1076 1610 Si
1108 1568 1265 1610 scirem
1294 1568 1402 1609 deos
1428 1580 1522 1608 esse
1547 1566 1842 1621 ignoscituros

294 1646 338 1682 et
363 1640 565 1681 homines
599 1640 840 1694 ignoturos,
865 1640 1158 1694 dedignanter
1190 1651 1430 1693 peccarem.
1508 1636 1694 1691 Propter
1720 1637 1839 1691 quod

294 1710 466 1752 Tullius
483 1709 498 1735 ⁷
515 1709 907 1752 Aclzademz'corum
921 1711 1028 1752 dicit
1051 1713 1061 1730 ‘
1077 1710 1277 1750 homines
1295 1709 1499 1750 tenebras
1517 1714 1560 1750 et
1577 1707 1841 1750 solitudines

295 1787 448 1822 nactos
477 1781 532 1822 ad
561 1781 857 1836 perpetranda
887 1788 1082 1836 peccata,
1105 1794 1182 1834 per
1209 1794 1256 1821 se
1278 1779 1461 1821 feditate
1484 1792 1563 1819 sua
1584 1778 1678 1832 ipsa
1700 1778 1840 1832 turpi-

293 1852 403 1893 tudo
425 1848 641 1893 deterret?
723 1851 783 1892 Et
810 1850 979 1892 Seneca
1001 1855 1048 1904 5⁰
1068 1849 1362 1891 Naturalium
1384 1848 1489 1890 dicit
1515 1849 1634 1902 quod
1662 1855 1842 1903 propter

292 1921 612 1976 turpitudinem
663 1920 829 1963 scelera
877 1927 1164 1974 conspectum
1210 1920 1278 1960 sui
1329 1918 1633 1967 reformidant,
1681 1918 1840 1971 quibus

292 1990 645 2033 abscondendisss
676 1991 796 2032 nulla
827 1992 933 2032 satis
967 2005 1059 2031 nox
1095 1990 1184 2031 alta
1219 1996 1298 2031 est.
1360 1988 1580 2042 Apuleius
1613 1988 1753 2029 eciam
1796 1988 1839 2029 in

293 2065 338 2114 3⁰
365 2060 434 2102 De
470 2061 744 2103 Habilua'ine
773 2059 1009 2102 Platonis⁹
1053 2061 1170 2108 dicit,
1205 2059 1460 2101 ‘Maliciam
1499 2073 1574 2100 seu
1607 2065 1839 2112 peccatum

292 2145 387 2173 esse
410 2132 544 2173 animi
566 2130 817 2173 feditatem.’
883 2131 943 2173 Et
970 2130 1052 2172 hoc
1076 2130 1194 2172 idem
1218 2144 1277 2172 ex
1300 2129 1449 2171 Tullio
1470 2129 1512 2170 in
1537 2127 1841 2180 Quescz'onz‘bus

299 2201 553 2242 Tusculanis
575 2201 875 2255 multipliciter
897 2207 1039 2255 patet.

353 2271 588 2312 Peccatum
638 2284 726 2311 non
772 2270 916 2312 solum
967 2277 1159 2322 exsecat,
1202 2283 1281 2311 nec
1331 2269 1466 2320 fedat,
1488 2263 1585 2310 ‘nec
1634 2267 1840 2310 debilitat

292 2341 483 2382 animam
522 2340 803 2392 racionalem‚
838 2348 903 2382 set
938 2341 1154 2382 convertit
1192 2332 1235 2381 in
1272 2339 1408 2382 vitam
1446 2338 1691 2389 bestialem,
1726 2339 1837 2380 sicut

292 2410 542 2464 philosophi
573 2412 813 2452 ostendunt
844 2410 992 2452 multis
1023 2411 1140 2452 locis.
1204 2409 1318 2452 Cum
1348 2410 1588 2463 superbum
1619 2408 1771 2450 dicunt
1793 2408 1838 2450 in

292 2480 465 2522 leonem
486 2480 864 2532 transformatum,
880 2481 1135 2522 iracundum
1153 2481 1196 2521 in
1220 2493 1388 2531 canem,
1407 2493 1585 2521 avarum
1603 2478 1647 2518 in
1669 2478 1837 2532 lupum,

291 2552 465 2607 pigrum
484 2551 527 2591 in
545 2550 730 2602 asinum,
746 2550 1021 2592 luxuriosum
1044 2551 1086 2591 in
1106 2564 1302 2604 porcum,
1317 2557 1361 2592 et
1384 2550 1445 2593 sic
1472 2563 1550 2604 per
1566 2556 1708 2599 cetera
1725 2549 1837 2590 vicia

336 2692 347 2710 ¹
371 2692 413 2723 In
431 2691 564 2734 Logica‚
582 2703 609 2724 c.
628 2704 657 2734 2,
679 2693 699 2725 s.
717 2704 736 2724 a
754 2704 773 2724 2
791 2704 902 2734 verso,
922 2693 1053 2725 Venice
1074 2694 1167 2732 1506.
1450 2692 1462 2710 2
1485 2696 1622 2724 constat
1635 2691 1736 2722 Text.

334 2745 347 2765 3
372 2750 586 2785 expurgetur
601 2745 700 2777 Text.
883 2745 895 2764 ⁴
918 2746 1149 2786 suspendatur
1166 2744 1265 2777 Text.
1446 2744 1460 2764 ⁶
1484 2745 1610 2775 munda
1627 2744 1664 2774 T.

333 2798 344 2814 ‘¹
368 2797 541 2829 Averroes
558 2798 591 2829 in
605 2798 735 2837 Etaieis,
756 2799 775 2831 l.
796 2808 828 2838 3.
845 2809 874 2830 e.
893 2808 922 2830 2.
1013 2797 1026 2815 ⁷
1050 2798 1102 2829 De
1116 2798 1192 2829 Fin.
1209 2798 1254 2828 iii.
1279 2808 1329 2829 11.
1445 2796 1457 2814 ⁸
1483 2797 1555 2828 MS.
1574 2795 1832 2828 abscondentis.

332 2850 344 2868 ⁹
368 2850 400 2881 ii.
419 2850 469 2882 De
484 2849 631 2891 Dogma.
651 2850 739 2883 Plat.
759 2862 777 2881 a
795 2860 950 2891 memory
967 2851 1160 2890 quotation.
