1904 3171
1046 136 1098 175 32

147 246 186 277 28
205 246 226 278 b
245 255 274 278 2.
292 241 526 294 admisceo,
547 240 712 282 nullam
736 240 1090 295 generositatem,
1111 238 1254 280 nullos
1283 243 1288 293 Ι
1315 239 1473 294 longos
1495 238 1675 290 natales,
1697 238 1842 280 nullas

292 311 530 353 invidiosas
567 311 759 353 divicias.
824 310 967 364 Igitur
1006 309 1156 350 omnia
1192 308 1394 351 similiter
1429 309 1571 352 aliena
1608 323 1843 360 numeres;

291 395 529 435 generosus
551 385 651 422 est?
685 387 891 435 parentes
913 379 1046 421 laudi.
1110 379 1246 419 Dives
1269 383 1368 421 est?
1401 393 1488 420 non
1513 380 1645 421 credo
1666 380 1844 421 fortune

294 453 434 506 magis
457 452 553 494 ista.
615 451 802 493 Validus
826 454 922 491 est?
955 449 1203 503 egritudine
1223 447 1495 503 fatigabitur.
1549 450 1722 491 >Pernix
1745 453 1843 492 est?

293 523 430 564 stabit
457 522 501 563 in
522 528 762 563 senectute.
827 521 1068 561 Formosus
1090 523 1190 560 est?
1223 526 1413 573 expecta
1435 520 1670 576 paulisper,
1688 527 1734 563 et
1755 534 1844 562 non

292 592 384 634 erit.
445 591 512 634 At
535 592 650 633 enim
681 590 807 632 bonis
836 589 1006 632 artibus
1038 590 1206 636 doctus,
1230 596 1274 631 et
1303 589 1528 644 adprimas
1557 591 1767 642 eruditus,
1798 597 1843 633 et

291 661 533 716 quemlibet
554 661 722 703 homini
745 660 917 715 sapiens
935 667 979 702 et
994 659 1097 701 boni
1112 658 1339 702 consultus
1356 663 1372 700 ?
1405 661 1585 702 tandem
1602 660 1844 715 aliquando

294 733 439 787 ipsum
461 732 602 773 virum
626 731 794 773 laudas.
859 730 961 771 Hoc
987 730 1106 771 enim
1130 744 1210 771 nec
1233 744 1259 770 a
1281 736 1406 783 patre
1428 729 1742 773 hereditarium
1765 738 1844 782 est,

293 815 373 843 nec
406 816 432 842 a
469 815 571 842 casu
611 800 908 854 pendiculum,
946 813 1027 841 nec
1060 815 1086 842 a
1127 799 1335 854 suffragio
1377 799 1728 852 amminiculum,
1764 813 1844 842 nec

293 886 319 912 a
340 885 524 925 corpore
546 872 776 922 caducum,
798 884 879 912 nec
902 871 959 912 ab
981 877 1102 912 etate
1125 869 1352 912 mutabile.
1416 870 1512 913 Hec
1542 871 1691 912 omnia
1721 885 1845 913 meus

294 942 501 984 Socrates
532 941 699 993 habuit,
722 948 768 983 et
800 941 899 984 ideo
930 948 1075 983 cetera
1105 941 1269 982 habere
1301 939 1596 995 contempsit!
1659 941 1846 995 Propter

293 1013 413 1066 quod
448 1011 625 1054 Tullius
657 1013 699 1053 in
733 1012 845 1053 libro
875 1011 945 1052 De
980 1009 1263 1053 paradoxis-1
1297 1010 1510 1065 gloriatur
1540 1025 1587 1052 se
1619 1024 1845 1066 nunquam

294 1096 450 1124 aurum
492 1096 573 1123 nec
615 1089 848 1138 argentum
892 1095 972 1123 nec
1013 1082 1226 1123 honorem
1256 1073 1350 1122 'nec
1387 1081 1552 1135 aliquid
1589 1081 1845 1140 huJusmodi

294 1158 553 1207 computare
589 1152 703 1194 inter
736 1152 864 1194 bona.
927 1152 988 1193 Et
1021 1151 1258 1194 Sallustius
1291 1152 1335 1192 in
1372 1148 1709 1210 Ca[tz·]lz·narz'02
1740 1151 1846 1193 dicit

296 1223 517 1264 ‘Fortuna
552 1255 560 1264 .
594 1255 603 1264 .
638 1255 648 1265 .
679 1236 747 1263 res
785 1228 964 1263 cunctas
1003 1223 1143 1276 magis
1179 1236 1237 1263 ex
1270 1221 1453 1263 libidine
1484 1235 1619 1276 quam
1653 1235 1711 1263 ex
1741 1235 1846 1263 vero

297 1293 502 1335 celebrat.
527 1325 536 1335 .
559 1326 567 1335 .
593 1325 602 1335 .
626 1293 775 1335 Primo
799 1293 996 1347 pecunie,
1018 1293 1181 1335 deinde
1209 1292 1382 1346 imperii
1398 1291 1415 1316 3
1436 1292 1516 1334 hec
1543 1291 1706 1346 cupido
1737 1291 1846 1334 suit:

296 1378 349 1405 ea
372 1364 497 1418 quasi
520 1363 725 1405 materies
753 1363 953 1405 omnium
983 1362 1200 1404 malorum
1228 1363 1357 1403 fuere.
1419 1362 1627 1416 Namque
1658 1363 1848 1404 avaricia

298 1434 431 1475 fidem
464 1433 734 1488 probitatem
766 1440 1022 1488 ceterasque
1053 1440 1170 1474 artes
1202 1433 1340 1474 bonas
1373 1432 1590 1473 subvertit
1608 1445 1617 1482 ;
1665 1446 1745 1486 pro
1778 1432 1848 1473 his

300 1504 561 1558 superbiam,
612 1503 932 1556 crudelitatem,
985 1503 1133 1544 Deum
1187 1502 1423 1556 negligere,
1477 1502 1624 1543 omnia
1673 1502 1848 1544 venalia

299 1574 462 1616 habere
476 1573 678 1616 edocuit.’
740 1575 749 1592 ‘
765 1573 974 1615 Avaricia
991 1573 1177 1627 pecunie
1195 1572 1391 1614 studium
1409 1571 1543 1613 habet
1557 1585 1692 1625 quam
1715 1585 1847 1614 nemo

300 1644 473 1698 sapiens
506 1644 784 1698 concupivit:
832 1658 884 1685 ea
922 1644 1047 1697 quasi
1084 1642 1262 1684 venenis
1305 1641 1431 1682 malis
1475 1642 1647 1684 imbuta
1688 1655 1847 1696 corpus

301 1715 587 1768 animumque
627 1714 798 1755 virilem
840 1713 1091 1763 effeminat3
1143 1726 1318 1767 semper
1363 1711 1532 1752 infinita
1574 1712 1848 1766 insaciabilis,

300 1798 442 1839 neque
474 1785 601 1838 copia
638 1798 781 1838 neque
817 1784 964 1838 inopia
1001 1783 1213 1825 minuitur
1243 1816 1250 1825 .
1278 1815 1287 1824 .
1316 1782 1337 1822 .'
1396 1781 1631 1823 ‘Ambicio
1667 1783 1848 1837 quidem

303 1854 558 1896 dominandi
583 1853 745 1895 multos
770 1852 979 1895 mortales
1005 1852 1138 1893 falsos
1164 1852 1256 1893 fieri
1280 1851 1438 1906 coegit,
1460 1851 1578 1893 aliud
1603 1852 1645 1892 in
1669 1858 1849 1906 pectore

298 1923 507 1974 clausum,
530 1924 648 1965 aliud
671 1924 714 1964 in
737 1922 884 1978 lingua
907 1923 1181 1977 permixtum
1209 1922 1384 1963 habere.
1449 1921 1605 1963 Eciam
1633 1935 1734 1963 cum
1758 1922 1850 1964 vita

300 1993 528 2035 hominum
552 1994 644 2035 sine
667 1994 912 2046 cupiditate
934 1992 1161 2046 agebatur,
1186 1992 1291 2033 satis
1315 1992 1473 2045 cuique
1496 2006 1573 2033 sua
1602 1991 1849 2046 placebant.

301 2063 469 2105 Verum
509 2064 582 2105 ubi
618 2064 823 2117 superbia
859 2063 1116 2105 dominandi
1155 2063 1326 2114 invasit,
1361 2062 1535 2104 fortuna
1577 2062 1706 2103 simul
1748 2075 1848 2104 cum

301 2134 494 2175 moribus
543 2131 829 2175 immutatur.'
913 2133 1095 2186 Propter
1143 2134 1263 2186 quod
1307 2132 1349 2173 in
1397 2133 1444 2172 6⁰
1484 2131 1552 2174 De
1592 2130 1849 2186 Beneficiis4

305 2202 470 2245 Seneca
494 2203 722 2258 alloquens
745 2203 958 2258 superbos
973 2209 1153 2257 propter
1167 2204 1283 2244 bona
1301 2203 1475 2244 fortune
1492 2202 1600 2243 dicit
1619 2218 1626 2242 :
1659 2207 1668 2224 ⁶
1688 2203 1850 2245 Omnia

303 2273 386 2314 ista
415 2287 500 2327 que
529 2288 608 2316 vos
637 2274 834 2314 tumidos
863 2279 907 2314 et
929 2286 1061 2327 supra
1084 2273 1278 2313 humana
1301 2272 1441 2314 elatos
1464 2260 1661 2314 oblivisci
1684 2279 1850 2327 cogunt

301 2350 444 2385 vestre
493 2344 757 2399 fragilitatiS‚
811 2358 898 2397 que
939 2343 1089 2385 ferreis
1139 2330 1339 2385 claustris
1381 2343 1625 2394 custoditis,
1665 2356 1751 2397 que
1791 2357 1850 2385 ex

303 2413 445 2454 alieno
484 2414 695 2468 sanguine
737 2420 862 2468 rapta
899 2420 1048 2455 vestro
1087 2413 1335 2464 defenditis,
1375 2421 1556 2468 propter
1592 2427 1678 2468 que
1709 2414 1850 2469 ruptis

304 2484 474 2525 tociens
501 2484 727 2525 affinitatis
750 2484 949 2524 amicicie
978 2483 1152 2537 collegii
1175 2483 1408 2534 federibus,
1435 2498 1523 2524 non
1551 2490 1654 2525 sunt
1676 2490 1848 2534 vestra;

298 2553 481 2607 jamque
498 2554 554 2594 ad
574 2553 707 2594 alium
726 2554 958 2594 dominum
977 2554 1232 2607 spectancia
1250 2561 1352 2596 sunt
1373 2569 1381 2605 ;
1404 2561 1481 2595 aut
1503 2554 1642 2596 hostis
1664 2553 1751 2604 illa,
1773 2560 1849 2596 aut

303 2637 539 2673 successor,
577 2629 652 2664 aut
695 2623 806 2677 ignis
848 2623 916 2664 vel
959 2623 1075 2665 aliud
1114 2623 1397 2664 infortunium
1436 2624 1624 2665 invadet.
1688 2622 1849 2677 Queris

302 2694 529 2746 quomodo
553 2692 626 2734 illa
648 2699 724 2733 tua
747 2692 910 2733 facies?
969 2692 1100 2734 Dona
1123 2692 1285 2733 dando.
1349 2691 1542 2734 Consule
1566 2693 1697 2746 igitur
1719 2693 1848 2734 rebus

521 2798 528 2815 ¹
555 2799 763 2831 Paradoxon
782 2800 801 2831 i.
1099 2799 1111 2817 ²
1136 2799 1207 2831 Cat.
1229 2810 1318 2840 caps,
1338 2801 1370 2839 8,
1393 2810 1442 2840 10,
1466 2810 1513 2831 11.

521 2852 532 2870 ³
558 2852 630 2884 MS.
650 2863 768 2893 nuper.
1095 2853 1105 2869 ⁴
1131 2852 1180 2882 De
1197 2852 1277 2882 ΒΜ.
1298 2853 1341 2884 vi.
1357 2862 1386 2891 3.
