1904 3171
789 169 841 207 39

48 271 159 313 alius
195 271 317 325 cujus
360 278 480 313 secta
522 272 576 312 sit
615 270 688 312 illa
722 271 778 312 de
811 284 900 324 qua
933 272 1040 311 dicit
1073 271 1314 323 Avicenna,
1346 276 1464 327 quod
1509 291 1585 329 per

48 347 194 382 totum
237 341 450 381 mundum
493 347 559 382 est
601 339 836 382 dilatanda.
917 340 976 380 Et
1017 340 1099 381 hoc
1147 348 1294 393 potest
1336 346 1583 396 persuaderi

50 409 198 451 multis
225 423 283 450 ex
305 411 523 464 predictis,
546 417 589 451 et
612 409 754 451 solum
777 410 972 451 transibo
994 409 1062 450 hic
1084 410 1304 451 innuendo
1328 415 1496 453 modos.

114 479 237 521 Unus
269 487 334 521 est
364 494 441 535 per
466 495 517 521 ea
546 494 632 534 que
654 481 710 521 de
732 480 914 522 domino
937 485 1086 520 nostro
1108 479 1243 532 Jhesu
1269 480 1444 522 Christo
1467 484 1584 526 dicta

48 556 151 590 sunt
179 550 236 591 ab
260 550 420 592 Ethico
449 558 492 592 et
515 550 724 591 Alchimo
746 563 846 590 cum
869 563 1021 590 eorum
1044 549 1140 590 aliis
1163 550 1303 590 dictis.
1363 550 1583 605 Quoniam

48 619 201 661 dicunt
216 619 230 643 ¹
253 621 374 673 quod
397 625 405 642 ‘
425 619 643 673 dyabolus
670 620 743 673 qui
773 620 939 673 primus
962 620 1164 660 conditus
1192 620 1330 660 fuerat
1354 627 1397 661 et
1420 622 1585 675 primus

49 696 278 741 corruerat,
294 690 336 730 in
357 690 430 731 die
447 690 600 743 judicii
623 696 725 731 ante
746 703 900 730 omnes
923 689 1133 742 pessimos
1155 689 1353 731 homines
1371 692 1585 744 punietur,

48 765 91 800 et
118 759 162 799 in
191 759 361 801 inferno
385 760 642 801 recludetur.
719 758 836 812 Quia
858 760 932 812 qui
955 765 1127 799 creatur
1148 759 1345 812 prefulsit
1368 760 1410 800 in
1434 761 1587 802 ordine

48 828 213 882 primus
235 835 278 870 et
299 829 468 869 viarum
492 829 563 869 dei
586 828 741 870 claruit
763 828 805 868 in
828 829 934 868 rude
949 827 963 851 2
988 828 1260 878 miraculum,
1283 830 1399 870 idem
1422 831 1587 883 primus

47 898 90 938 in
122 890 360 939 novissimo
388 898 555 951 judicio
585 898 769 939 terribili
801 905 986 938 venturo
1019 912 1165 951 penas,
1191 899 1340 952 quales
1370 899 1427 940 ab
1459 900 1586 942 inicio

48 967 197 1010 dicte3
227 976 342 1018 sunt,
371 969 415 1008 in
446 982 642 1018 caverna,
673 966 786 1009 laci4
816 974 884 1009 tot
916 973 1017 1009 ante
1049 967 1238 1009 tribunal
1271 969 1382 1023 regis
1415 969 1458 1010 in
1490 970 1585 1023 ipso

46 1037 212 1091 judicio
243 1045 345 1079 sunt
373 1038 520 1088 dilate,
545 1069 552 1078 .
578 1069 587 1078 .
613 1070 621 1078 .
645 1045 693 1079 ut
721 1044 901 1080 cernant
931 1037 1053 1092 impii
1085 1037 1502 1080 truculentissimum
1534 1054 1584 1081 ac

49 1108 332 1150 furibundum
356 1109 507 1150 mortis
530 1115 768 1156 auctorem,
791 1122 922 1162 quem
945 1109 1081 1149 secuti
1103 1108 1278 1149 fuerunt
1301 1109 1343 1149 in
1372 1110 1586 1151 desideria

49 1177 189 1219 multa
220 1184 265 1219 et
297 1178 466 1219 inutilia
497 1185 541 1219 et
573 1176 752 1219 nociva.'
819 1178 878 1218 Et
910 1178 1069 1219 iterum
1101 1179 1157 1219 de
1187 1177 1463 1220 Antichristo
1494 1179 1585 1232 ipse

49 1247 235 1290 Ethicus
285 1248 447 1289 scribit.
531 1247 754 1302 Quoniam
806 1261 905 1290 cum
957 1248 1051 1302 ipse
1102 1248 1255 1289 fuisset
1306 1254 1585 1289 astronomus

46 1318 259 1359 circuiens
295 1331 396 1359 cum
433 1317 659 1372 discipulis
700 1318 791 1359 suis
828 1318 1049 1359 universas
1086 1318 1330 1371 provincias
1372 1324 1415 1359 et
1451 1318 1587 1358 maria

47 1388 366 1442 perlustrasset,
408 1388 584 1429 devenit
631 1388 810 1429 tandem
863 1387 918 1428 ad
967 1387 1166 1440 regiones
1213 1387 1587 1441 septentrionales,

47 1463 202 1498 contra
225 1457 361 1497 ubera
385 1457 622 1511 Aquilonis
645 1457 757 1498 circa
775 1456 1014 1510 Elyemum
1040 1457 1235 1498 Portum.
1299 1457 1358 1498 Et
1381 1457 1588 1498 describit

49 1527 108 1567 ibi
138 1533 318 1581 gentem
348 1528 582 1580 pessimam
615 1527 730 1568 ultra
758 1541 912 1568 omnes
944 1526 1050 1568 alias
1083 1527 1283 1568 naciones
1297 1526 1324 1577 5,
1347 1529 1454 1581 ‘que
1479 1540 1587 1581 gens

46 1596 311 1638 Antichristi
352 1597 627 1650 temporibus
666 1597 852 1639 multam
891 1596 1019 1637 faciet
1056 1595 1364 1652 vastaciolnem
1400 1604 1443 1638 et
1485 1610 1584 1637 eum
1606 1607 1726 1638 3³³2·

47 1666 181 1707 deum
202 1667 385 1708 deorum
407 1667 694 1721 appellabunt
717 1681 815 1708 cum
840 1681 992 1708 eorum
1015 1667 1181 1708 semine
1203 1667 1395 1721 pessimo
1418 1666 1586 1707 recluso

47 1743 148 1791 post
189 1742 340 1791 portas
379 1736 587 1791 Caspias.'
652 1737 725 1778 Ex
763 1737 1029 1779 Antichristi
1064 1737 1194 1790 igitur
1231 1737 1506 1784 diffinicione,
1543 1743 1587 1777 et

47 1820 105 1847 ex
132 1806 298 1860 judicio
321 1807 467 1849 futuro
502 1808 545 1848 in
573 1822 661 1861 quo
685 1807 902 1860 dyabolus
927 1814 971 1848 et
999 1807 1121 1860 impii
1145 1806 1586 1859 condempnabuntur

47 1891 73 1917 a
102 1875 250 1930 judice
289 1875 478 1927 Christo,
512 1884 558 1919 et
593 1891 651 1918 ex
688 1878 770 1920 hoc
806 1878 925 1932 quod
965 1877 1088 1930 ‘justi
1125 1876 1405 1917 merebuntur
1439 1876 1585 1916 videre

48 1946 293 1987 Dominum
325 1946 472 1987 Deum
501 1961 643 1999 suum,
667 1947 981 2001 Christumque
1009 1960 1156 2000 regem
1187 1959 1329 1995 suum,
1350 1951 1394 1985 et
1423 1943 1586 1984 fixuras

46 2014 296 2068 clavorum‚'
331 2023 379 2058 ut
415 2017 533 2071 prius
570 2024 740 2059 tactum
779 2024 858 2066 est,
892 2016 1018 2057 facile
1052 2016 1282 2056 convincet
1315 2014 1586 2068 providens6

46 2085 194 2136 homo,
233 2086 479 2128 Dominum
514 2087 739 2129 Christum
774 2101 879 2138 esse,
914 2087 988 2141 qui
1022 2085 1259 2139 aliquando
1299 2098 1474 2138 presens
1515 2084 1585 2124 isti

47 2157 214 2197 mundo
247 2157 404 2198 merito
436 2157 564 2198 fuerit
599 2158 817 2198 mediator
852 2157 936 2198 Dei
973 2162 1016 2197 et
1048 2155 1290 2204 hominum,
1321 2160 1364 2194 et
1397 2153 1584 2194 vicarius

48 2225 133 2266 Dei
155 2225 198 2266 in
220 2232 346 2275 terra,
366 2233 409 2267 et
427 2227 678 2268 adorandus
700 2232 743 2267 et
765 2226 985 2277 colendus,
1004 2239 1083 2279 pro
1106 2224 1353 2278 legislatore
1373 2223 1584 2264 veraciter

45 2295 237 2338 invento.
316 2296 376 2337 Et
427 2297 483 2338 ad
530 2296 772 2351 pleniorem
819 2296 1140 2344 certitudinem,
1183 2294 1398 2335 addemus
1448 2293 1584 2334 verba

47 2365 243 2408 Platonis
274 2366 393 2421 prius
427 2372 547 2408 tacta
580 2367 635 2407 de
670 2365 847 2407 Christo
885 2365 1165 2412 nobilissima,
1199 2369 1243 2405 et
1275 2364 1409 2417 ipsius
1440 2361 1583 2402 Albu-

48 2434 224 2476 mazar⁷
247 2436 322 2489 qui
345 2437 401 2477 de
426 2436 661 2478 honestate
687 2442 732 2477 et
762 2435 981 2476 mundicia
1004 2434 1197 2488 Virginis
1217 2433 1407 2487 gloriose
1433 2432 1584 2474 saciari

46 2518 134 2545 non
166 2506 310 2560 potuit
343 2519 439 2547 eam
471 2506 600 2548 simul
634 2520 733 2548 cum
769 2507 854 2546 hoc
886 2506 928 2545 in
966 2503 1122 2558 triplici
1156 2503 1305 2556 lingua
1339 2503 1584 2553 nominans,

47 2582 90 2616 et
128 2575 290 2623 dicens,
322 2575 495 2629 ‘Quam
524 2589 733 2616 vocamus
756 2574 988 2616 Celechius
1018 2573 1223 2614 Tarostai
1260 2571 1327 2613 cui
1362 2571 1584 2611 Persicum

47 2658 209 2686 nomen
237 2644 393 2686 Sedios
416 2646 644 2694 Tarzama,
681 2645 874 2685 Arabice
903 2645 1239 2697 interpretatum
1270 2643 1324 2682 ad
1357 2641 1582 2694 Renepha,

49 2715 93 2756 id
115 2721 192 2765 est,
208 2715 333 2768 virgo
356 2716 533 2766 munda,
547 2715 694 2770 puella
717 2713 840 2763 dic0‚'
857 2720 900 2755 et
919 2720 1062 2755 cetera
1084 2726 1170 2766 que
1191 2718 1311 2753 tacta
1331 2717 1432 2752 sunt
1449 2712 1582 2764 priuS.

54 2803 58 2805 ’
89 2817 101 2835 1
126 2817 262 2849 loc.c1t.
281 2828 314 2857 p.
333 2820 363 2848 6.
498 2819 510 2836 2
535 2818 609 2850 ΜΞ.
629 2818 754 2848 videre.
904 2817 915 2833 ³
941 2816 1014 2847 ms.
1033 2816 1122 2847 date.
1303 2813 1313 2831 ⁴
1339 2814 1506 2844 MS.10ci.

90 2868 103 2887 ⁵
125 2880 156 2910 p.
181 2880 231 2910 19,
252 2871 314 2902 loc.
335 2871 387 2902 cit.
523 2870 535 2888 ⁶·
559 2871 632 2902 MS.
652 2871 810 2910 prudens.
948 2868 959 2885 ⁷
985 2869 1052 2899 See
1070 2879 1099 2908 p.
1119 2869 1139 2898 8
1156 2868 1206 2898 sor
1222 2867 1279 2898 full
1299 2867 1483 2906 quotation.
