1904 3171
819 163 870 201 45

74 267 256 309 Latinos
297 266 422 307 annis
457 264 790 319 quadringentis
824 264 975 304 decem
1015 267 1118 314 post
1154 260 1348 300 Romam
1384 258 1607 300 conditam

73 337 226 378 Livius
252 336 395 390 primo
427 334 622 375 fabulam
656 333 791 384 dedit,
825 333 938 374 Gaio
972 330 1157 372 Claudio
1191 329 1293 370 Ceci
1326 328 1429 378 filio,
1457 327 1609 368 Marco

73 407 298 447 Tuditano
340 404 604 446 consulibus.
664 403 800 444 Anno
845 409 946 443 ante
988 408 1141 442 natum
1186 399 1379 440 Ennium
1421 404 1612 451 poetam,

73 477 147 530 qui
185 476 264 516 fuit
302 475 442 528 major
479 481 584 515 natu
621 487 753 527 quam
794 472 973 513 Plautus
1009 478 1052 512 et
1093 469 1259 511 Nevius
1291 474 1434 522 poete.
1512 466 1609 507 Hec

72 552 227 600 patent
249 559 306 585 ex
323 544 529 598 Josepho,
549 544 669 584 Beda
687 543 754 583 De
774 541 1060 595 Temporibus,
1080 539 1289 582 Chronica
1311 536 1611 585 Clmzz'acz'ensz',

77 614 219 656 Gestis
231 614 483 662 Brz'tomtm,
502 619 544 653 et
567 613 677 653 libro
694 612 915 654 Ciceronis
929 611 997 651 De
1017 607 1318 660 chescz'onz'bzcs
1341 605 1610 647 Tusculanis.

76 684 150 725 Ex
178 684 337 737 quibus
365 689 488 736 patet
519 689 684 723 sectam
717 681 949 734 Judaicam
983 678 1245 732 antiqiorem
1288 690 1382 717 esse
1411 675 1615 717 omnibus

74 754 170 796 aliis
203 754 332 795 sectis
365 760 409 796 et
441 752 654 794 doctrinis
686 750 900 792 humanis.
975 749 1107 790 Unde
1138 746 1397 789 Aristotiles
1429 745 1471 786 in
1503 743 1614 784 libro

77 823 350 865 secretorum
365 822 548 876 loquens
562 822 617 863 de
640 820 839 862 archanis
861 819 1082 874 sapiencie
1104 819 1307 866 humane,
1326 816 1473 857 dicens
1495 813 1615 867 quod

75 891 439 934 deusl‘revelavit
449 905 499 932 ea
509 891 650 945 primo
660 890 823 931 sanctis
834 888 1061 943 prophetis
1076 888 1165 929 suis
1179 894 1222 929 et
1237 886 1502 940 quibusdam
1518 883 1613 924 aliis

75 976 187 1016 quos
201 961 462 1016 preelegitet
477 960 712 1000 illustravit
727 959 880 1012 spiritu
896 958 1117 1012 sapiencie
1132 957 1345 1008 divine,et
1354 954 1525 996 dotavit
1540 966 1615 993 eos

75 1032 255 1074 dotibus
273 1031 455 1072 sciencie
473 1037 519 1072 et
540 1030 596 1070 ab
610 1029 702 1070 istis
719 1035 950 1082 sequentes
963 1028 1042 1069 viri
1058 1026 1309 1081 philosophi
1328 1022 1610 1079 philosophie

75 1101 337 1156 principium
355 1107 399 1142 et
413 1100 626 1154 originem
644 1099 891 1140 habuerunt
910 1098 1024 1146 Indi,
1046 1096 1204 1145 Latini,
1226 1096 1379 1136 Perses
1396 1100 1439 1134 et
1459 1089 1615 1134 Greci.'

78 1170 126 1212 Si
149 1183 252 1211 vero
273 1170 447 1223 Jupiter
468 1168 789 1223 complectatur
812 1168 957 1218 Marti,
978 1174 1084 1208 tunc
1106 1166 1258 1208 dicunt
1280 1165 1425 1219 ipsum
1447 1163 1618 1215 signare

76 1253 207 1293 super
224 1239 366 1293 legem
383 1238 654 1289 Caldaicam,
672 1251 759 1291 que
776 1239 905 1279 docet
927 1237 1112 1277 adorare
1132 1236 1292 1289 ignem,
1317 1233 1438 1287 cujus
1462 1238 1616 1272 nature

77 1310 199 1350 Mars
221 1316 286 1350 est
310 1309 353 1350 in
376 1308 563 1349 naturali
585 1308 788 1362 potencia
811 1313 855 1348 et
881 1305 1053 1347 effectu.
1116 1305 1164 1347 Si
1188 1304 1295 1354 Soli,
1318 1304 1514 1356 signatur
1542 1300 1616 1341 lex

79 1379 285 1434 Egypffia,
307 1393 393 1432 que
422 1380 547 1433 ponit
576 1365 661 1419 coli
692 1377 899 1418 miliciam
930 1375 1025 1426 celi,
1055 1374 1175 1428 cujus
1205 1374 1409 1428 princeps
1436 1371 1514 1413 Sol
1537 1377 1616 1411 est.

79 1447 128 1490 Si
149 1448 321 1497 Veneri,
345 1449 518 1502 signare
546 1447 703 1488 dicitur
733 1460 863 1499 super
891 1445 1034 1499 legem
1069 1444 1424 1492 Sarracenorum,
1444 1455 1530 1494 que
1552 1445 1619 1480 est

77 1525 173 1560 tota
194 1518 458 1572 voluptuosa
479 1523 523 1558 et
545 1530 729 1557 venerea
752 1530 760 1566 ;
792 1530 925 1570 quarn
944 1515 1043 1556 licet
1061 1515 1103 1554 in
1121 1513 1292 1567 scriptis
1309 1511 1619 1552 Machometus

69 1587 260 1641 redegit,
292 1587 386 1641 ipsa
423 1594 573 1628 tamen
606 1600 683 1640 per
724 1585 855 1639 longa
887 1585 1034 1626 secula
1066 1584 1107 1624 in
1142 1597 1222 1624 usu
1255 1582 1343 1622 vite
1373 1581 1621 1622 habebatur

77 1670 103 1697 a
125 1657 213 1698 suis
234 1642 501 1707 cultoribus;
534 1658 650 1697 unde
669 1657 711 1696 in
734 1655 844 1696 libro
867 1655 941 1709 qui
964 1654 1195 1695 ascribitur
1218 1651 1381 1694 Ovidio
1398 1650 1466 1690 De
1494 1650 1589 1691 Vite
1610 1647 1615 1706 Ι

76 1741 150 1768 sue
160 1727 222 1767 M
220 1728 414 1768 utacione
427 1740 526 1767 cum
542 1726 792 1779 loqueretur
806 1725 862 1765 de
877 1730 995 1765 secta
1011 1723 1225 1771 Venerea,
1241 1734 1372 1775 quam
1388 1719 1617 1760 hominum
1640 1735 1677 1766 31
1697 1725 1718 1756 b
1738 1734 1765 1756 ι.

79 1798 144 1838 sui
167 1797 381 1852 temporis
402 1796 545 1850 legem
568 1796 682 1836 dixit
705 1809 814 1846 esse,
836 1794 940 1836 dicit
963 1795 1006 1834 in
1030 1800 1170 1834 metro
1193 1806 1273 1832 suo
1288 1790 1314 1840 ²,

240 1913 320 1953 ‘In
351 1927 450 1967 qua,
481 1912 518 1953 si
549 1910 698 1961 libeat,
731 1911 1028 1964 quodcunque
1060 1909 1191 1950 licere
1223 1912 1415 1962 putatur,

267 1982 440 2036 Scripta
473 1982 574 2024 licet
605 1995 737 2036 super
767 1981 850 2022 hoc
884 1981 1080 2022 nondum
1113 1979 1187 2019 lex
1220 1973 1521 2026 inveniatur-'3

80 2107 227 2162 Quam
251 2112 405 2161 postea
423 2119 500 2160 per
519 2110 755 2145 sexcentos
787 2117 927 2144 annos
950 2109 993 2143 et
1015 2102 1209 2155 amplius
1233 2100 1405 2154 scripsit
1437 2099 1625 2140 Macho-

81 2183 224 2218 metus
240 2176 282 2216 in
298 2176 408 2216 libro
423 2175 498 2228 qui
513 2175 672 2216 dicitur
685 2173 890 2215 Alcoran.
939 2172 1125 2214 Ovidius
1141 2172 1259 2213 enim
1279 2176 1381 2212 ante
1400 2169 1624 2211 Christum

79 2255 122 2289 et
146 2248 189 2288 in
211 2246 485 2300 temporibus
516 2245 677 2286 Christi
707 2243 801 2295 fuit,
824 2251 867 2285 et
900 2249 1020 2284 secta
1051 2240 1322 2283 Machometi
1353 2241 1516 2294 incepit
1547 2252 1625 2294 per

81 2323 315 2360 sexcentos
342 2329 480 2357 annos
511 2321 553 2356 et
583 2315 773 2368 amplius
806 2321 907 2368 post
934 2313 1284 2355 incarnacionem
1317 2310 1492 2363 Christi,
1514 2310 1625 2351 sicut

82 2394 204 2442 patet
226 2401 284 2428 ex
306 2385 558 2427 differencia
579 2398 791 2426 annorum
826 2383 988 2424 Christi
1019 2390 1061 2423 et
1089 2382 1308 2432 Arabum,
1330 2394 1416 2435 que
1445 2386 1511 2421 est
1541 2380 1621 2422 621

81 2470 296 2499 annorum
348 2462 391 2497 et
446 2463 527 2507 195
581 2454 687 2496 dies.
753 2452 830 2494 Set
887 2453 990 2493 anni
1050 2451 1253 2493 Arabum
1311 2456 1628 2504 computantur

82 2540 107 2568 a
141 2527 434 2576 MachometO,
463 2532 511 2567 ut
542 2524 645 2565 dicit
676 2523 948 2577 Alfraganus
981 2529 1024 2563 et
1056 2521 1129 2562 alii
1163 2520 1377 2562 similiter.
1442 2520 1490 2562 Si
1523 2533 1628 2560 vero

81 2595 401 2649 complectatur
430 2593 662 2643 Mercurio,
688 2599 793 2633 tunc
820 2598 887 2632 est
914 2590 987 2631 lex
1020 2590 1307 2631 Mercurialis.
1382 2589 1625 2630 Mercurius

83 2666 199 2706 enim
240 2664 374 2705 habet
415 2670 676 2717 respectum,
715 2669 763 2703 ut
809 2662 973 2711 dicunt,
1011 2661 1068 2702 ad
1109 2661 1334 2708 deitatem,
1369 2666 1412 2700 et
1449 2659 1626 2700 oracula

83 2734 412 2788 prophetarum,
445 2740 488 2774 et
519 2732 838 2781 credulitatem,
860 2737 904 2772 et
933 2731 1196 2781 oracionem,
1219 2736 1263 2771 et
1291 2730 1360 2770 dei
1382 2728 1550 2770 cultum
1575 2734 1619 2768 et

230 2853 240 2871 ¹
263 2852 330 2884 Sec.
349 2852 417 2884 Sec.
438 2852 480 2884 fo.
502 2853 543 2883 D.
562 2852 582 2883 i.
778 2849 790 2867 ²
816 2849 867 2880 De
885 2849 1013 2891 Vetula,
1030 2849 1086 2882 lib.
1107 2849 1151 2880 iii.
1173 2859 1200 2881 c.
1220 2859 1272 2889 30.
1292 2859 1323 2888 p.
1345 2858 1396 2888 74,
1423 2847 1475 2878 ed.
1499 2846 1557 2878 cit.
