1904 3171
152 1034 277 1067 30a1.

1039 124 1093 177 38

291 243 503 297 negande‚
525 248 569 284 et
591 248 742 284 tamen
772 245 968 281 maturos
989 254 1074 294 que
1097 240 1185 280 sint
1214 239 1522 293 impossibiles,
1545 240 1743 282 similiter
1771 245 1839 282 est
1880 236 1891 270 ν’

291 312 364 354 ille
385 311 461 366 qui
484 317 551 353 est
574 312 616 352 in
639 310 725 351 fine
747 309 1037 365 perfeccionis
1060 308 1246 350 racionis
1267 309 1461 350 humane
1484 311 1604 364 apud
1626 309 1840 352 habentes

1864 0 1891 180 i

1878 187 1891 216 ’ἱ

1876 218 1891 237 &⁴¹

292 382 490 424 raciones
511 381 696 422 divinas.
762 380 823 421 Et
845 379 957 421 sicut
979 378 1114 419 homo
1137 385 1375 432 antequam
1405 380 1630 421 erudiatur
1651 387 1696 422 et
1718 393 1843 421 exer·
1887 415 1889 418 Α

291 459 443 496 ceatur
471 457 602 506 negat
632 464 699 491 res
724 449 955 504 possibiles
987 455 1031 490 et
1059 448 1267 490 abhorret
1289 463 1375 498 eas,
1400 456 1444 491 et
1467 450 1639 492 videtur
1661 450 1698 492 ei
1720 449 1841 504 quod

291 524 381 565 sint
404 520 711 577 impossibiles,
735 525 778 560 et
800 519 981 573 quando
1011 519 1210 559 eruditur
1243 519 1286 559 in
1308 519 1508 561 scienciis
1537 520 1582 562 et
1611 520 1845 563 eXercetur

291 594 336 635 in
366 591 685 647 experimentis
714 595 997 631 removentur
1026 589 1083 630 ab
1112 588 1187 630 illo
1208 588 1278 630 vie
1301 589 1343 630 in
1367 583 1442 640 eis,
1464 596 1508 632 et
1530 597 1844 633 convertuntur
1903 594 1904 600 ’

292 679 379 718 que
415 669 525 717 aput
566 676 666 703 eum
703 660 879 701 fuerunt
920 658 1227 713 impossibiles,
1268 665 1312 701 et
1355 660 1466 702 fiunt
1503 662 1542 702 ei
1590 662 1844 704 necessarie.

293 733 508 776 Similiter
538 746 626 774 non
659 731 920 786 prohibetur
949 730 1086 771 homo
1119 728 1311 784 perfecte
1344 730 1630 774 humanitatis
1664 731 1844 786 quando

293 811 425 859 neget
451 817 530 854 res,
553 809 597 844 et
618 802 854 843 videantur
881 800 920 841 ei
950 800 1246 855 impossibiles
1276 807 1424 856 preter
1455 803 1575 856 quod
1597 803 1640 844 in
1660 803 1846 844 veritate
1882 828 1887 833 ·

293 875 351 916 sit
389 875 461 916 ita.
528 873 589 914 Et
621 872 721 914 ideo
758 878 939 926 propter
974 871 1358 925 imperfeccionem
1393 871 1634 914 humanam
1670 879 1848 928 oportet

292 958 457 999 ponere
489 943 827 998 inspiracionem
860 947 904 983 et
936 941 1269 982 revelacionem.
1335 942 1395 984 Et
1422 949 1604 998 propter
1633 943 1719 986 hoc
1751 957 1848 997 per-

295 1021 506 1068 ceperunt
536 1012 540 1070 Ι
566 1012 820 1068 philosophi
843 1011 964 1066 quod
987 1011 1070 1065 ipsi
1094 1011 1348 1069 defecerunt
1369 1026 1395 1053 a
1418 1013 1569 1054 debita
1589 1014 1849 1068 cognicione

294 1085 493 1134 istorum,
529 1097 608 1125 nec
644 1083 790 1138 potuit
824 1095 948 1123 mens
984 1081 1175 1123 hominis
1212 1083 1267 1123 de
1299 1097 1345 1124 se
1377 1083 1434 1124 ad
1466 1083 1550 1125 hoc
1582 1083 1848 1136 sufficienter

295 1155 616 1197 transcendere.
667 1152 748 1196 Set
778 1152 1070 1207 percipientes
1096 1151 1344 1194 bonitatem
1368 1153 1560 1195 divinam
1589 1168 1682 1195 esse
1705 1153 1848 1195 infini-

295 1232 389 1267 tam
431 1240 490 1267 ex
530 1224 614 1266 hac
655 1222 975 1273 concluserunt,
1017 1223 1139 1276 quod
1177 1223 1298 1265 Deus
1341 1223 1552 1266 revelaret
1594 1225 1762 1266 mundo
1802 1224 1846 1265 in

297 1296 486 1337 salutem
528 1294 760 1337 hominurn
805 1294 925 1347 quod
962 1307 1019 1334 ex
1061 1306 1107 1334 se
1150 1292 1312 1334 habere
1349 1307 1436 1336 non
1475 1302 1682 1348 possent:
1731 1296 1850 1336 unde

296 1367 529 1409 Avicenna
561 1365 667 1408 dicit
697 1365 739 1405 in
769 1364 1008 1405 Radz'cz'bus
1036 1363 1230 1405 Moralis
1257 1363 1560 1418 Plcz'losoplzz'el
1593 1366 1714 1419 quod
1736 1369 1847 1407 ‘non

297 1444 447 1491 potest
478 1450 574 1477 esse
606 1441 654 1476 ut
686 1435 830 1489 prima
866 1448 998 1475 causa
1031 1434 1265 1489 provideat
1298 1435 1404 1476 alias
1438 1434 1652 1477 utilitates
1683 1436 1727 1477 in
1764 1436 1848 1477 hoc

299 1508 482 1558 mundo,
501 1514 546 1548 et
563 1520 652 1547 non
669 1506 902 1560 provideat
920 1502 1079 1546 istam.'
1129 1504 1208 1547 Set
1231 1519 1317 1546 non
1340 1506 1492 1547 debuit
1515 1505 1607 1547 fieri
1629 1506 1845 1548 revelacio

300 1578 505 1619 omnibus
527 1577 596 1618 vel
622 1575 821 1630 pluribus
855 1582 1036 1629 propter
1066 1575 1308 1616 discordias
1340 1582 1384 1616 et
1413 1582 1556 1617 sectas
1585 1582 1628 1617 et
1662 1576 1848 1619 hereses.

302 1647 421 1702 Quia
443 1648 478 1688 si
501 1647 627 1701 plura
654 1653 802 1688 essent
829 1646 977 1700 capita
1008 1645 1049 1685 in
1079 1645 1246 1700 populo
1270 1646 1438 1687 nullum
1469 1660 1620 1688 eorum
1647 1647 1850 1689 obediret

304 1719 391 1770 alii,
428 1724 473 1759 et
505 1718 605 1759 ideo
648 1716 864 1758 orirentur
906 1715 1143 1757 divisiones
1186 1716 1450 1770 reipublice:
1500 1725 1681 1771 propter
1725 1718 1845 1772 quod

303 1789 500 1844 oportuit
523 1787 598 1828 uni
621 1793 794 1828 tantum
819 1785 942 1828 fieret
965 1786 1179 1828 revelacio
1202 1787 1444 1829 voluntatis
1466 1789 1626 1829 divine.

366 1860 416 1900 In
439 1858 561 1900 omni
584 1857 699 1898 enim
721 1871 880 1910 genere
901 1863 966 1898 est
989 1870 1126 1898 unum
1149 1858 1205 1899 ad
1228 1860 1348 1911 quod
1378 1859 1527 1899 omnia
1557 1859 1853 1909 reducuntur;

304 1937 348 1971 et
380 1930 476 1979 iste,
511 1935 559 1970 ut
591 1928 700 1969 dicit
733 1927 967 1968 Avicenna
982 1926 1010 1976 2,
1043 1928 1124 1968 erit
1163 1929 1287 1981 quasi
1324 1929 1432 1969 deus
1464 1929 1683 1970 humanus
1716 1943 1849 1984 quem

304 2000 406 2041 licet
440 1999 622 2040 adorare
655 2005 758 2052 post
788 1998 948 2047 Deum,
976 1997 1074 2051 quia
1105 1997 1196 2051 ipse
1224 2004 1291 2038 est
1321 2012 1399 2039 rex
1429 1999 1587 2040 terreni
1619 2000 1784 2047 mundi,
1808 2006 1852 2041 et

303 2070 492 2112 vicarius
527 2070 658 2110 deum
698 2068 788 2110 illo.
852 2068 912 2109 Et
949 2068 1018 2110 hic
1054 2074 1121 2109 est
1155 2068 1290 2110 homo
1324 2069 1447 2123 cujus
1484 2069 1632 2110 anima
1666 2070 1854 2124 acquirit

305 2140 560 2182 honestates
583 2139 798 2194 practicas
822 2139 890 2179 ‘in
915 2138 1039 2192 cujus
1060 2139 1224 2180 viribus
1246 2138 1509 2181 animalibus
1531 2147 1633 2182 sunt
1659 2139 1740 2181 hee
1764 2147 1853 2182 tres

306 2211 613 2265 proprietates,
633 2215 681 2250 ut
712 2208 893 2250 audiat3
915 2210 1097 2250 verbum
1128 2210 1226 2256 Dei,
1250 2217 1294 2251 et
1324 2210 1482 2265 videat·
1501 2210 1682 2264 angelos
1712 2217 1853 2252 trans-

307 2279 520 2335 figuratos
542 2293 688 2320 coram
713 2293 758 2319 sc
785 2278 826 2319 in
852 2277 992 2320 forma
1014 2293 1101 2332 qua
1125 2286 1305 2333 possent
1334 2280 1483 2327 videri,
1506 2288 1548 2321 et
1579 2279 1656 2321 fiat
1688 2280 1731 2321 in
1761 2280 1855 2334 ejus

308 2350 486 2391 auribus
503 2363 592 2390 vox
612 2363 744 2403 quam
765 2350 857 2402 ipse
875 2350 1010 2398 audit,
1025 2362 1110 2402 que
1129 2356 1193 2390 est
1211 2364 1267 2390 ex
1288 2357 1413 2402 parte
1433 2350 1515 2390 Dei
1534 2356 1578 2391 et
1596 2349 1855 2404 angelorum

307 2420 510 2475 quamvis
533 2433 620 2460 non
643 2420 697 2460 sit
723 2420 904 2460 verbum
939 2419 1167 2461 hominum
1199 2432 1279 2460 nec
1303 2419 1505 2460 animalis
1529 2420 1696 2473 terreni,
1719 2427 1763 2462 et
1784 2420 1854 2461 hic

309 2496 375 2531 est
399 2490 465 2531 cui
489 2490 620 2530 datur
642 2490 822 2543 spiritus
844 2487 1110 2544 prophecie.'
1175 2489 1272 2530 Hec
1303 2490 1451 2530 omnia
1480 2489 1587 2530 dicit
1611 2489 1855 2543 Avicenna,

308 2566 351 2601 et
393 2559 465 2600 alii
507 2559 590 2599 hoc
639 2560 756 2600 idem
799 2559 967 2600 volunt.
1033 2559 1093 2599 Et
1137 2559 1402 2600 determinat
1445 2561 1565 2613 quod
1607 2559 1678 2602 hic
1720 2560 1855 2602 debet

309 2630 509 2682 accipere
542 2628 685 2682 legem
721 2642 746 2668 a
780 2628 879 2669 Deo
916 2636 959 2670 et
994 2629 1318 2670 communicare
1351 2643 1447 2669 eam
1487 2629 1665 2679 mundo,
1697 2635 1741 2671 et
1778 2643 1856 2670 ex-

310 2711 473 2753 ponere
503 2711 600 2739 eam
633 2704 676 2738 et
707 2698 940 2751 predicare.
1005 2699 1064 2739 Et
1096 2698 1166 2740 hic
1196 2705 1262 2738 cst
1285 2712 1417 2752 quem
1446 2699 1682 2752 querimus,
1706 2699 1857 2754 legifer

309 2775 460 2809 noster
491 2767 712 2808 Dominus
740 2767 901 2819 Jhesus
934 2767 1148 2817 Christus,
1181 2775 1224 2808 ct
1248 2768 1519 2821 impossibile
1551 2776 1615 2810 cst
1645 2770 1764 2822 quod
1798 2770 1855 2810 sit

439 2859 447 2877 ¹
474 2859 551 2890 Mel.
570 2864 591 2890 t.
614 2869 647 2891 x.
669 2869 696 2890 c.
715 2868 743 2889 2.
938 2858 949 2875 ²
972 2859 1050 2890 Met.
1068 2863 1089 2890 t.
1111 2869 1146 2891 x.
1163 2870 1190 2890 c.
1209 2870 1236 2891 1.
1417 2860 1428 2877 3
1456 2860 1526 2892 MS.
1549 2860 1699 2891 audiunt.
