1945 3161
31 626 471 700 Metlzaplzz'sica
499 627 735 698 fratris
776 629 993 703 Rogerz'
1034 628 1258 685 ordinis
1285 628 1567 702 fratrum

32 747 322 803 minorum
347 749 417 804 de
436 749 605 805 viciis
623 769 720 805 cou
727 752 939 807 tractis
960 751 1020 806 in
1038 751 1234 806 studio
1251 750 1564 822 theologie&

185 921 449 964 UONIAM
488 923 677 965 intencio
710 923 960 978 principalis
992 930 1059 966 est
1090 924 1269 965 innuere
1301 924 1428 965 nobis
1458 924 1570 966 vicia

41 923 319 1091 Qstudii
370 993 608 1048 theologici
649 1007 735 1047 que
786 1000 1012 1035 contracta
1063 1001 1165 1036 sunt
1208 1007 1266 1035 ex
1317 994 1570 1036 curiositate

185 1062 463 1116 philosophie
491 1077 590 1106 cum
624 1063 828 1104 remediis
862 1063 1075 1114 istorum;
1107 1064 1208 1105 ideo
1238 1064 1282 1104 in
1311 1063 1572 1118 theologicis

35 1133 259 1174 autentica
301 1132 504 1174 inducam
553 1132 913 1187 philosophorum
958 1133 1222 1176 testimonia.
1301 1132 1572 1176 Auctoribus

36 1202 154 1244 enim
177 1203 254 1252 uti,
278 1209 327 1244 ut
347 1203 408 1244 ait
429 1201 601 1244 Tullius
622 1203 665 1244 in
687 1203 830 1258 primo
851 1203 920 1244 De
945 1203 1249 1255 Quescionibus
1273 1202 1532 1245 Tusculanis
1544 1203 1572 1254 2,

13 1274 41 1324 .‘
58 1271 101 1312 in
118 1271 320 1313 omnibus
341 1272 484 1313 causis
507 1279 551 1314 et
572 1272 682 1314 solet
700 1278 743 1313 et
761 1272 893 1313 debet
909 1272 1055 1314 valere
1070 1270 1331 1326 plurimum.'
1386 1272 1572 1327 Propter

33 1341 152 1394 quod
171 1341 333 1382 Plinius
347 1341 389 1381 in
404 1341 516 1382 libro
533 1341 676 1396 primo
690 1340 953 1383 3Naturalis
965 1341 1019 1383 H
1018 1340 1189 1383 istorie⁴
1203 1355 1357 1384 omnes
1373 1350 1574 1384 auctores

33 1417 260 1451 enumerat
281 1423 392 1464 pene
414 1410 750 1452 innumerabiles
781 1424 892 1464 quos
919 1411 962 1452 in
991 1411 1176 1452 residuis
1203 1412 1257 1466 36
1281 1412 1402 1453 libris
1427 1413 1572 1454 imita-

31 1486 122 1520 tur:
160 1480 278 1521 unde
309 1480 425 1531 dicit,
449 1484 458 1501 ‘
476 1480 560 1522 Est
586 1480 702 1521 enim
734 1481 988 1535 benignum,
1011 1487 1060 1522 ut
1092 1481 1291 1532 arbitror,
1313 1488 1358 1523 et
1391 1481 1571 1536 plenum

32 1549 210 1604 ingenui
239 1550 432 1603 pudoris,
455 1549 581 1591 fateri
602 1564 680 1604 per
705 1564 817 1604 quos
843 1548 1102 1604 profeceris.'
1166 1550 1228 1592 Et
1259 1552 1362 1606 quia
1382 1552 1572 1593 varietas

33 1618 129 1673 ipsa
149 1618 394 1673 legencium
415 1619 592 1661 fastidio
614 1620 831 1670 medetur,
852 1626 901 1661 ut
923 1621 985 1662 ait
1007 1620 1310 1676 Philosophus,
1328 1625 1400 1672 14⁰
1414 1622 1571 1663 Libro-

33 1703 136 1730 rum
163 1689 470 1739 Naturalium,
491 1689 566 1731 et⁵
588 1689 769 1741 Seneca,
795 1689 906 1732 libro
937 1690 1005 1731 De
1031 1689 1159 1744 Copia
1193 1691 1444 1742 Verborum,
1465 1692 1572 1734 dicit

31 1759 150 1812 quod
186 1758 344 1800 ‘nichil
379 1765 446 1800 est
477 1759 719 1813 jocundum
756 1760 837 1801 nisi
875 1761 981 1814 quid
1024 1760 1164 1802 reficit
1197 1760 1411 1812 varietas,'
1443 1769 1488 1804 et
1525 1763 1569 1803 in

31 1828 144 1869 libro
161 1828 177 1852 ⁶
197 1828 266 1870 De
292 1827 596 1882 Conquescz'one
614 1830 791 1871 Nature
813 1830 984 1871 Alanus
1011 1831 1074 1871 ait
1099 1831 1220 1884 quod
1241 1832 1251 1850 ‘
1266 1844 1323 1872 ex
1346 1838 1541 1873 materne
1554 1830 1570 1855 ⁷

31 1898 246 1940 satietatis
286 1900 586 1953 ydemptitate
625 1900 849 1941 fastiditus
890 1901 1063 1941 animus
1104 1898 1415 1955 indignatur’3
1468 1901 1570 1942 ideo

32 1967 304 2009 diversorum
346 1975 578 2010 auctorum
621 1968 874 2023 eloquencia
919 1976 964 2011 et
1002 1970 1060 2011 ad
1106 1971 1293 2011 eandem
1338 1971 1569 2012 materiam
1588 1988 1714 2022 3921·

30 2039 174 2080 varias
224 2039 511 2080 auctoritates
562 2039 767 2080 inducere
802 2037 808 2094 Ι
841 2040 1018 2088 curabo,
1065 2053 1154 2080 non
1200 2040 1343 2081 solum
1391 2048 1572 2095 propter

31 2108 339 2162 ydemptitatis
368 2109 549 2159 tedium,
573 2115 620 2150 ut
652 2109 756 2157 dixi,
784 2109 1053 2150 diversorum
1085 2115 1130 2151 et
1158 2110 1352 2152 diversas
1382 2112 1572 2152 auctori-

32 2183 147 2218 tates
177 2177 371 2231 proferre
402 2179 606 2230 conabor,
637 2185 704 2220 set
735 2186 784 2220 ut
815 2179 1056 2221 scribentes
1086 2179 1153 2221 vel
1185 2180 1458 2222 conferentes
1494 2196 1570 2223 seu

29 2247 407 2302 qualitercumque
452 2254 706 2302 perorantes
746 2248 987 2290 habeamus
1027 2250 1270 2291 secundum
1310 2251 1569 2294 varietatem

31 2323 281 2371 temporum
310 2317 645 2359 difformitatem
678 2318 1044 2369 testimoniorum,
1065 2326 1109 2360 et
1131 2326 1180 2360 ut
1201 2319 1299 2360 vilis
1321 2320 1572 2374 ignorancia

30 2393 153 2428 tante
193 2387 322 2441 copie
364 2394 408 2429 et
449 2401 595 2429 sermo
641 2387 933 2442 nugatorius8
975 2389 1143 2430 animos
1187 2390 1440 2431 auditorum
1482 2405 1571 2432 non

31 2457 269 2499 offendant.
345 2457 423 2498 Ab
459 2458 796 2500 auctoritatibus
832 2459 1012 2512 quidem
1055 2458 1421 2513 philosophorum
1462 2475 1572 2516 quos

33 2527 171 2577 sancti
208 2527 395 2568 recitant
430 2527 676 2579 abstinebo,
711 2528 792 2569 nisi
828 2529 946 2583 quod
983 2529 1103 2570 dicta
1142 2529 1290 2571 Ethici
1331 2532 1572 2572 astronomi

74 2620 87 2638 ²
109 2620 200 2652 Title
230 2621 316 2652 from
349 2619 465 2662 Digby
497 2632 570 2662 190.
621 2621 766 2663 ‘Incipit
796 2622 1008 2654 methafisica
1040 2622 1171 2663 Rogeri
1202 2623 1353 2655 Baconis
1379 2624 1423 2656 de
1450 2625 1571 2656 ordine

29 2673 304 2714 predicatorum,'
323 2674 358 2704 in
376 2684 396 2704 a
412 2673 498 2705 later
513 2674 606 2706 hand
623 2674 651 2706 is
667 2675 741 2705 that
757 2674 791 2706 in
808 2675 866 2706 the
884 2675 958 2707 MS.

75 2725 87 2742 ⁸
114 2726 208 2758 Tusc.
229 2725 329 2767 Disp.
347 2725 369 2757 i.
389 2736 440 2758 12.
665 2727 678 2744 ³
702 2729 738 2768 pe
756 2727 829 2759 MS.
1052 2729 1062 2745 ⁴
1090 2728 1164 2761 Lib.
1180 2728 1202 2760 i.
1218 2729 1252 2760 in
1269 2728 1427 2769 prefatio.

74 2777 87 2796 ⁵
112 2778 194 2810 Pub.
215 2778 294 2818 Syr.
312 2777 509 2818 Sententiae,
525 2789 589 2818 343
609 2779 824 2818 ‘jucundum
842 2780 925 2811 nihil
943 2785 1006 2820 est,
1026 2782 1091 2812 nisi
1108 2782 1199 2821 quod
1215 2782 1324 2813 reficit
1340 2783 1515 2814 varietas.¹

2 2830 6 2833 '
75 2829 88 2848 ⁸
107 2829 160 2860 De
174 2830 316 2861 Planctu
332 2830 494 2869 Naturae,
511 2842 542 2872 p.
562 2841 636 2872 459,
656 2832 784 2871 Migne.

74 2881 85 2899 ⁷
111 2882 185 2913 MS.
202 2884 210 2898 ‘
226 2883 329 2914 nimie
341 2883 348 2893 ³
365 2882 496 2914 altered
513 2884 546 2914 in
563 2884 708 2915 another
721 2884 824 2916 hand.
966 2884 978 2902 ⁸
1000 2885 1142 2918 Altered
1159 2886 1242 2917 from
1263 2888 1270 2904 ‘
1285 2886 1530 2927 nugatoribus}

787 2951 814 2981 Β
