1904 3171
1004 75 1062 128 56

296 194 357 224 29.
404 191 427 224 f.
445 201 462 233 5
481 192 502 225 b
521 201 548 223 2.
598 192 674 225 Hec
694 192 782 224 enim
808 191 937 233 posicio
960 190 1082 232 (forma
1105 190 1235 223 celestis
1259 194 1367 232 potest
1387 188 1613 232 multiplicare
1633 188 1806 220 materiam

252 245 406 277 continue
423 245 493 277 sine
509 244 757 287 deperdicione)
777 244 955 276 falsissima
971 248 1031 283 est,
1049 242 1132 276 sicut
1149 243 1182 275 in
1199 242 1447 284 Methaphisica
1463 253 1538 274 mea
1550 245 1661 283 potest
1671 240 1808 273 cuilibet

251 302 375 339 patere.

298 353 358 382 30.
404 349 426 382 f.
446 355 463 391 7
481 361 501 382 a
519 359 548 381 2.
595 373 604 381 .
622 373 630 381 .
647 374 655 382 .
672 349 773 381 Viam
805 359 864 390 per
895 347 985 390 cujus
1011 347 1160 380 medium
1188 350 1333 380 transeat
1357 347 1492 390 species,
1520 350 1553 379 et
1583 346 1631 378 sic
1660 344 1702 378 de
1732 344 1808 378 aliis

253 402 507 444 intelligendum
524 406 584 442 est,
600 406 636 434 ut
653 413 693 434 ex
710 400 957 443 Methaphisica
973 400 1103 443 plenius
1119 401 1306 432 innotescit.

298 457 354 487 31.
394 455 417 487 f.
438 463 477 486 10
492 453 514 485 b
534 464 561 487 1.
601 454 658 487 Set
668 454 837 495 completa
853 453 1036 485 destruccio
1049 453 1166 484 harum
1178 452 1374 494 opinionum
1385 455 1418 484 et
1429 451 1570 484 aliarum
1581 449 1808 484 consimilium

254 511 348 549 patet
364 507 398 538 in
414 511 556 539 tractatu
579 517 656 539 meo
673 507 714 538 de
730 506 903 548 speciebus
917 504 1173 547 methaphisieo,
1196 515 1272 536 cum
1293 503 1535 536 certificacione
1559 504 1662 536 istius
1676 503 1810 535 dubita-

255 560 360 591 cionis
376 565 408 592 et
424 560 576 592 aliarum.
1420 583 1424 585 Α

300 615 358 644 32.
404 613 426 644 f.
444 621 479 643 11
499 613 521 644 b
540 621 569 644 2.
617 636 625 644 .
644 635 652 643 .
670 636 676 643 .
694 610 827 653 Species
842 610 911 642 albi
925 615 957 643 et
972 609 1060 652 nigri
1076 610 1201 642 faciunt
1217 609 1362 652 speciem
1377 609 1480 642 medii
1501 608 1635 643 coloris.
1650 613 1656 616 ’
1680 608 1757 641 Hec
1769 618 1812 640 ex

255 664 467 707 Perspectiva
483 669 516 696 et
533 675 574 696 ex
591 663 839 706 Methaphisica
855 663 1029 695 manifesta
1045 667 1133 703 sunt,
1152 686 1161 695 .
1179 687 1187 695 .
1205 686 1213 694 .

301 720 359 749 33.
408 717 429 749 f.
450 726 489 757 13
506 717 528 748 b
549 726 577 749 1.
623 717 726 757 Nam,
750 721 786 748 ut
810 717 845 747 in
869 715 1126 758 Methaphisicis
1149 715 1279 758 plenius
1302 713 1429 757 scripsi,
1452 714 1595 757 quinque
1621 718 1695 746 sunt
1718 713 1812 745 modi

255 770 530 813 equivocaeionis.
548 794 556 802 .
573 793 582 801 .
601 794 609 800 .
