1904 3171
1042 119 1094 158 28

296 234 469 286 finibus,
491 234 582 277 sive
605 235 658 276 sit
681 234 887 289 simplex,
909 234 1020 276 alius
1042 236 1099 277 ab
1124 235 1195 276 illa
1219 249 1305 289 que
1325 250 1429 277 vera
1458 235 1641 279 felicitas
1667 236 1837 287 dicitur,

297 305 575 359 reprobanda
596 312 661 347 est
677 311 797 347 secta
820 312 1000 359 propter
1017 304 1235 347 maliciam
1258 311 1302 347 et
1322 306 1564 348 vanitatem
1588 313 1632 348 et
1649 307 1839 362 turpitu-
1894 330 1904 379 ξ

298 375 446 416 dinem
470 375 577 424 finis,
593 381 684 417 tarn
707 389 784 430 per
800 375 1109 417 auctoritatem
1128 389 1260 429 quam
1285 390 1362 430 per
1379 377 1612 419 racionem.
1666 377 1841 419 Deinde
1897 393 1904 436 ξ

298 460 375 500 per
406 446 753 488 destruccionem
786 459 937 487 eorum
970 460 1054 499 que
1087 452 1186 487 sunt
1219 447 1276 488 ad
1307 446 1454 500 finem,
1476 454 1656 502 propter
1686 461 1839 489 eorum
1898 468 1904 509 ¹

301 515 439 557 malas
457 522 501 558 et
516 515 623 557 viles
637 522 681 557 et
695 521 845 570 turpes
863 515 1140 557 condiciones
1157 521 1200 556 et
1215 515 1385 566 stultas,
1399 517 1518 571 quod
1537 517 1576 558 si
1590 517 1720 559 nichil
1737 516 1841 557 mali
1899 548 1904 566 ÷

299 586 355 627 sit
379 586 422 626 in
444 586 615 627 duabus
637 585 777 636 sectis,
800 585 933 625 nichil
954 585 1051 635 vile,
1073 585 1206 627 nichil
1229 592 1368 641 turpe,
1389 593 1495 629 tunc
1522 593 1699 641 oportet
1721 587 1842 640 quod

298 656 354 697 sit
371 669 458 696 una
475 660 518 696 et
535 655 704 706 eadem,
721 655 791 696 vel
809 669 895 696 una
918 654 1073 697 melior
1089 655 1176 697 alia
1192 672 1201 707 3
1236 663 1279 698 et
1297 657 1358 699 sic
1376 657 1557 699 tandem
1580 658 1845 713 procedetur

297 726 418 779 quod
460 725 668 766 standum
706 731 771 766 est
814 725 869 766 ad
906 739 1055 766 veram
1092 732 1136 767 et
1172 739 1305 767 unam
1349 726 1481 767 aliam
1519 741 1604 781 que
1646 727 1844 768 maxime

297 794 525 836 conveniet
541 808 641 836 cum
659 808 720 836 ea.
779 794 839 836 Et
855 801 962 836 tunc
981 794 1219 849 judicande
1242 803 1355 847 sunt,
1370 797 1512 851 primo
1530 811 1607 851 per
1623 797 1842 839 racionem

297 863 449 905 finium
478 864 520 904 in
549 878 660 918 quos
682 865 862 914 vadunt,
884 865 1125 907 secundum
1157 872 1307 907 autem
1337 866 1618 909 nobilitatem
1645 866 1756 917 finis,
1778 871 1844 908 est

298 934 506 976 nobilitas
531 941 663 976 secte.
727 935 788 977 Et
810 935 909 977 ideo
936 950 1035 977 cum
1059 951 1161 978 vera
1186 942 1306 979 secta
1337 944 1475 991 ponat
1505 936 1636 979 finem
1665 937 1843 978 nobilis-

298 1004 472 1058 simum,
487 1005 561 1046 illa
578 1006 771 1047 tenenda
786 1013 852 1047 est
870 1019 957 1048 non
976 1006 1133 1058 solum,
1148 1014 1296 1048 autem
1317 1021 1395 1062 per
1411 1007 1544 1049 finem
1562 1007 1843 1050 nobilitatem

297 1088 383 1128 que
405 1075 606 1118 consistit
628 1076 672 1117 in
698 1076 898 1117 bonitate
925 1075 1019 1130 ejus
1045 1082 1089 1117 et
1112 1076 1438 1130 pulchritudine
1465 1083 1510 1119 et
1539 1077 1845 1133 magnitudine

296 1159 448 1187 eorum
478 1160 563 1200 que
588 1151 691 1188 sunt
712 1146 769 1187 ad
800 1145 946 1187 finem.
1010 1146 1070 1188 Et
1099 1147 1142 1188 in
1170 1146 1251 1188 hiis
1281 1148 1489 1190 omnibus
1514 1142 1843 1203 procedendum

298 1223 364 1258 est
390 1230 467 1270 per
491 1217 801 1259 auctoritatem
831 1223 876 1259 et
906 1217 1142 1268 racionem,
1167 1220 1408 1261 secundum
1441 1219 1562 1273 quod
1592 1219 1776 1273 expedit
1801 1219 1844 1260 in

154 1295 192 1325 28
211 1304 231 1325 a
250 1302 277 1325 1.
297 1287 493 1342 singulis.
513 1285 517 1344 Ι
540 1288 743 1329 Preterea
757 1288 1074 1330 considerande
1090 1295 1191 1330 sunt
1208 1290 1487 1331 condiciones
1502 1290 1842 1344 legumlatorum

298 1364 346 1398 ut
381 1358 537 1399 merito
570 1358 635 1399 sui
672 1358 794 1413 digni
830 1358 1038 1413 quatinus
1069 1359 1130 1400 eis
1162 1360 1378 1402 credatur.
1439 1360 1500 1401 Et
1534 1361 1634 1402 ideo
1665 1366 1846 1415 propter

299 1427 392 1481 ejus
421 1428 745 1479 auctoritatem,
767 1435 812 1470 et
840 1429 1149 1470 auctoritatem
1172 1429 1358 1471 aliorum
1387 1443 1500 1484 quos
1528 1430 1743 1484 ymitatus
1765 1437 1845 1481 est,

299 1504 476 1552 oportet
499 1498 773 1540 considerare
802 1499 960 1553 quibus
990 1499 1319 1542 condicionibus
1344 1501 1583 1554 acquiritur
1605 1501 1845 1543 auctoritas

299 1576 344 1611 et
378 1568 486 1610 fides
522 1568 789 1610 adhibenda.
855 1568 915 1610 Et
949 1569 1020 1610 hic
1057 1576 1235 1624 oportet
1269 1571 1546 1612 considerare
1578 1570 1693 1612 bene
1724 1571 1845 1613 dicta

299 1638 434 1680 Tullii
462 1639 505 1679 in
535 1639 701 1692 Topicis
728 1645 772 1680 et
805 1638 1175 1682 Commentarz'mn
1201 1640 1344 1682 Boeciz‘
1367 1654 1498 1696 super
1523 1640 1642 1682 illum
1669 1640 1844 1693 librum,

298 1709 505 1763 precipue
537 1709 580 1749 in
610 1713 656 1763 5⁰
682 1709 794 1751 libro
828 1708 1144 1752 Commentariz‘
1173 1710 1326 1761 Boecz'z',
1352 1718 1484 1765 atque
1515 1711 1675 1752 librum
1709 1711 1844 1753 Tullii

298 1779 367 1820 De
400 1779 598 1830 Oratore,
630 1785 674 1820 et
705 1779 864 1821 librum
896 1780 965 1820 De
1008 1780 1190 1834 Vulgatz·
1221 1781 1402 1829 Judicz'o
1441 1781 1681 1834 Sermonis,
1713 1795 1845 1837 super

300 1849 449 1891 omnia
479 1862 584 1890 vero
617 1849 820 1903 legantur
850 1864 902 1891 ea
934 1863 1020 1903 que
1050 1849 1308 1892 Alfarabius
1342 1858 1387 1893 et
1423 1851 1654 1894 Avicenna
1690 1851 1844 1893 dicunt

300 1919 355 1960 de
377 1919 642 1972 probacione
664 1927 782 1962 secte
804 1927 848 1962 et
869 1921 936 1962 cui
960 1921 1229 1962 credendum
1252 1921 1318 1963 sit.

360 1989 420 2030 Et
442 1991 567 2043 ‘post
588 1989 671 2031 hoc
700 1996 876 2044 oportet
905 1991 1024 2044 quod
1052 1991 1277 2045 legislator
1305 1992 1543 2033 constituat
1565 1992 1648 2033 sibi
1675 2006 1843 2034 succes-

298 2073 454 2108 sorem,
470 2060 548 2101 sed
566 2073 666 2100 cum
690 2074 905 2102 consensu
929 2060 1148 2114 majorum
1167 2067 1211 2102 et
1223 2059 1371 2116 vulgi,'
1385 2068 1432 2103 ut
1449 2062 1554 2104 dicit
1571 2062 1801 2104 Avicenna
1817 2060 1845 2113 ¹,

298 2131 367 2169 ‘et
399 2135 447 2170 ut
475 2129 610 2171 talem
640 2130 775 2184 eligat
804 2130 878 2184 qui
911 2130 1023 2172 bene
1055 2144 1206 2184 regere
1237 2131 1391 2185 possit,
1415 2138 1459 2173 et
1490 2132 1547 2172 sit
1578 2132 1771 2186 prudens
1799 2138 1845 2174 et

299 2198 584 2240 honestorum
618 2214 804 2249 morum,
834 2200 1010 2251 scilicet,
1041 2201 1192 2246 audax
1224 2207 1268 2242 et
1306 2207 1572 2252 mansuetus,
1604 2207 1648 2242 et
1680 2202 1846 2256 peritus

300 2270 589 2323 gubernandi,
613 2276 655 2311 et
684 2271 849 2325 peritus
879 2271 999 2325 legis,
1021 2285 1110 2325 quo
1137 2271 1283 2312 nullus
1311 2272 1368 2314 sit
1396 2265 1591 2326 pericior,
1614 2278 1657 2313 et
1685 2272 1768 2315 hoc
1790 2273 1846 2314 sit

304 2338 583 2380 manifestum
610 2341 827 2383 omnibus
892 2341 939 2383 Si
963 2348 1113 2383 autem
1137 2335 1292 2396 postea
1315 2342 1661 2384 discordaverint
1683 2343 1726 2383 in
1748 2343 1843 2393 hoc,

304 2410 366 2450 ita
395 2416 442 2450 ut
471 2409 604 2450 alium
626 2410 763 2452 velint
792 2411 964 2465 eligere,
981 2411 1075 2465 jam
1105 2418 1377 2465 negaverunt
1400 2413 1558 2463 Deum,
1586 2418 1633 2453 ut
1662 2411 1779 2460 dicit,
1801 2418 1846 2453 et

304 2479 404 2519 ideo
436 2486 613 2532 oportet
646 2480 922 2534 interponere
949 2481 1116 2535 judicia
1148 2482 1192 2522 in
1229 2482 1327 2536 lege
1357 2495 1448 2533 sua,
1481 2488 1529 2523 ut
1565 2481 1764 2536 quisquis
1798 2495 1846 2523 se

304 2547 526 2589 intrudere
546 2548 731 2591 voluerit
754 2558 919 2605 postea,
941 2558 1036 2593 tota
1059 2552 1209 2593 civitas
1232 2552 1500 2593 unanimiter
1519 2552 1653 2600 irruat
1675 2552 1717 2592 in
1742 2564 1843 2592 eum

304 2622 348 2657 et
384 2618 570 2667 occidat,
607 2621 726 2672 quod
763 2620 797 2661 si
833 2621 1071 2673 potuerint,
1106 2628 1150 2663 et
1186 2635 1271 2662 non
1309 2621 1500 2670 fecerint,
1537 2621 1630 2675 jam
1671 2628 1843 2663 contra-

303 2686 515 2728 dixerunt
537 2687 649 2739 Deo,
675 2719 683 2728 .
706 2721 713 2729 .
741 2720 748 2728 .
773 2702 850 2730 nec
882 2696 949 2731 est
980 2703 1076 2731 reus
1107 2691 1332 2743 sanguinis
1361 2692 1435 2744 qui
1459 2690 1662 2732 interficit
1691 2689 1843 2744 hujus-

304 2756 436 2805 modi,
469 2756 530 2797 ita
561 2763 710 2798 tamen
744 2765 790 2799 ut
823 2759 942 2812 prius
975 2759 1221 2801 innotescat
1257 2758 1448 2815 populo.'
1511 2759 1558 2802 Si
1590 2766 1738 2801 autern
1771 2759 1844 2802 ille

894 2842 905 2861 ¹
930 2843 992 2873 loc.
1011 2844 1064 2875 cit.
1086 2848 1106 2874 t.
1125 2855 1156 2876 Χ.
1171 2854 1198 2875 c.
1218 2853 1249 2883 5.
