1904 3171
805 145 856 184 23

59 243 300 296 beatitudo,
333 252 376 286 et
409 251 474 285 est
507 253 714 299 regnatus
747 248 958 301 optimus.
1021 248 1080 288 Et
1122 248 1323 290 civitates
1365 256 1409 290 et
1447 257 1600 303 gentes

58 314 316 356 obedientes
345 314 416 356 isti
446 316 646 369 regnatui
677 323 779 358 sunt
807 318 985 370 optime.
1050 317 1110 358 Et
1143 324 1347 372 regnatus
1375 319 1600 360 stabiliens

58 384 341 437 operaciones
373 385 530 437 quibus
565 399 652 426 non
685 387 923 440 acquiritur
955 387 1035 427 nisi
1065 388 1184 441 quod
1213 388 1440 429 estimatur
1463 389 1599 430 beati-

59 453 180 501 tudo,
202 460 268 495 est
291 460 500 508 regnatus
522 454 719 496 stolidus.
784 456 844 496 Et
867 456 936 497 hic
958 456 1137 509 quidem
1161 464 1368 511 regnatus
1391 457 1600 499 dividitur

57 524 301 564 secundum
340 523 447 564 fines
488 531 532 564 et
570 524 842 566 intenciones
884 539 994 580 quas
1037 527 1215 579 inquirit
1257 528 1339 568 iste
1380 534 1598 581 regnatus.

56 591 175 633 Nam
203 591 210 644 Ι
237 593 273 633 si
312 593 492 646 inquirit
531 594 713 635 divicias
752 595 1004 636 nominatur
1037 609 1220 650 regnum
1254 596 1522 647 diviciarum,
1555 604 1599 638 et

56 662 92 703 si
135 663 321 717 gloriam
360 664 614 704 nominatur
656 678 840 717 regnum
883 665 1033 719 glorie,
1056 674 1100 707 et
1146 666 1181 706 si
1224 672 1289 707 est
1331 673 1476 720 preter
1517 668 1600 708 ista

0 786 2 788 v
55 732 236 786 aliquod
259 734 316 774 ab
340 733 445 782 istis,
470 733 647 773 nomine
669 733 766 774 finis
789 734 901 775 illius
923 734 1198 776 nominatur!

115 802 175 844 Et
226 802 456 844 Avicenna
475 801 490 826 1
542 805 774 844 tractando
822 805 935 845 hanc
977 812 1148 858 partem
1201 803 1351 846 Civilis
1402 805 1599 847 Sciencie

56 872 161 912 dicit
183 873 304 926 quod
331 879 508 927 oportet
535 873 656 927 quod
686 873 742 914 sit
773 887 883 913 unus
909 888 1040 927 super
1072 888 1225 915 omnes
1253 875 1295 915 in
1318 875 1506 925 civitate,
1529 875 1598 916 cui

53 955 206 983 omnes
232 943 451 984 obediant.
516 943 604 983 ‘Et
632 949 807 996 oportet
835 943 894 984 ire
913 942 929 966 2
961 944 1228 984 instituendo
1259 944 1414 998 legem,
1436 945 1491 986 sit
1516 945 1597 986 hec

54 1011 196 1065 prima
218 1012 422 1063 intencio,
443 1011 622 1062 scilicet,
644 1013 849 1054 ordinare
879 1013 1101 1055 civitatem
1126 1014 1168 1054 in
1193 1026 1216 1068 3
1241 1021 1401 1068 partes,
1422 1014 1597 1065 scilicet,

54 1081 352 1136 dispositores,
384 1090 428 1124 et
459 1083 692 1129 ministros,
717 1089 761 1124 et
794 1082 1079 1138 legisperitOS,
1102 1090 1146 1125 et
1177 1090 1226 1124 ut
1255 1085 1297 1124 in
1331 1098 1597 1138 unoquoque

53 1151 206 1192 ordine
247 1152 429 1193 istorum
473 1152 701 1193 ordinetur
731 1152 886 1206 aliquis
929 1152 1135 1207 prelatus,
1168 1161 1268 1207 post
1310 1167 1441 1207 quem
1479 1155 1594 1195 ordi-

53 1228 209 1263 nentur
233 1222 305 1263 alii
333 1218 531 1279 pre[lati]
568 1221 794 1263 inferiores
826 1236 878 1264 eo
901 1255 910 1264 .
934 1254 942 1262 .
966 1255 987 1274 .‚
1011 1230 1054 1264 et
1087 1230 1188 1276 post
1219 1223 1300 1264 hos
1332 1224 1489 1264 iterum
1522 1224 1595 1265 alii

53 1292 318 1343 ordinentur,
341 1305 572 1346 quousque
598 1292 853 1346 perveniant
878 1294 934 1333 ad
968 1306 1146 1346 paucos,
1168 1293 1223 1333 ad
1256 1293 1339 1334 hoc
1374 1300 1422 1335 ut
1451 1294 1594 1334 nullus

53 1362 111 1403 sit
133 1361 176 1402 in
199 1362 376 1404 civitate
400 1362 578 1411 inutilis,
601 1362 677 1416 qui
696 1360 712 1385 3
734 1375 821 1402 non
849 1361 1012 1403 habeat
1038 1361 1230 1415 aliquem
1253 1369 1418 1403 statum
1440 1362 1594 1404 lauda-

52 1430 199 1482 bilem,
231 1439 297 1474 set
335 1439 383 1474 ut
418 1433 475 1473 ab
513 1445 779 1486 unoquoque
820 1431 1045 1486 perveniat
1086 1431 1252 1473 utilitas
1293 1432 1470 1474 civitati.
1534 1434 1594 1474 Et

55 1501 156 1542 ideo
178 1502 414 1556 prohibere
435 1502 569 1543 debet
590 1502 795 1556 princeps
818 1502 1008 1543 civitatis
1031 1502 1308 1543 ociositatem
1331 1509 1374 1543 et
1395 1504 1593 1545 vacacio-

51 1586 152 1613 nem
177 1602 185 1612 .
215 1603 224 1612 .
257 1604 266 1614 .
295 1571 385 1626 Qui
426 1578 576 1613 autern
606 1585 693 1613 non
728 1579 913 1625 possunt
947 1571 1181 1625 compesci,
1206 1571 1456 1625 expellendi
1491 1579 1592 1614 sunt

50 1642 108 1683 de
122 1641 311 1692 civitate,
326 1642 407 1683 nisi
424 1655 556 1683 causa
573 1641 702 1694 hujus
716 1642 771 1682 sit
790 1640 1020 1682 infirmitas
1039 1655 1048 1691 ;
1079 1649 1124 1682 et
1142 1648 1245 1683 tunc
1261 1642 1592 1683 constituendus

50 1717 117 1752 est
148 1712 210 1753 eis
252 1711 373 1754 locus
417 1711 461 1751 in
504 1725 593 1765 quo
635 1717 925 1765 permaneant
957 1710 1225 1764 hujusmodi,
1257 1712 1491 1764 deputetur
1532 1713 1593 1753 eis

49 1788 321 1835 procurator.
384 1781 575 1835 Oportet
592 1788 742 1822 autem
761 1782 880 1834 quod
900 1781 942 1821 in
960 1780 1137 1821 civitate
1153 1781 1208 1821 sit
1230 1781 1409 1834 quidam
1434 1782 1590 1823 modus

49 1851 288 1905 reipublice
313 1865 399 1905 que
427 1852 589 1905 partim
615 1851 846 1906 proveniat
881 1865 938 1891 ex
954 1850 1052 1903 jure
1073 1851 1191 1903 quod
1224 1850 1466 1892 instituitur
1488 1866 1590 1893 con-

48 1922 275 1974 tractibus,
289 1921 450 1976 partim
465 1935 524 1962 ex
540 1921 800 1975 calumpniis
812 1934 897 1974 que
913 1934 993 1973 pro
1012 1933 1127 1973 pena
1142 1919 1408 1974 infliguntur,
1426 1923 1588 1975 partim

49 2004 108 2032 ex
141 1992 288 2045 predis
310 1991 552 2039 rebellium,
576 1992 736 2045 partim
761 2004 819 2031 ex
845 1989 939 2031 aliis
954 1988 985 2038 4,
1007 1995 1051 2030 et
1083 1996 1131 2030 ut
1153 1989 1233 2030 hec
1263 1991 1507 2044 respublica
1533 1992 1591 2033 sit

48 2061 210 2114 partim
233 2067 468 2115 preparata
490 2060 588 2110 illis,
610 2060 685 2113 qui
707 2073 794 2100 non
820 2064 1005 2112 possunt
1028 2058 1181 2100 lucrari
1205 2066 1385 2113 propter
1405 2060 1589 2101 infirmi-

47 2137 186 2172 tatem
219 2138 263 2172 et
296 2137 583 2179 senectutem,
615 2136 659 2171 et
701 2129 862 2183 partim
905 2128 1014 2182 legis
1055 2129 1321 2181 doctoribus,
1351 2136 1395 2171 et
1427 2131 1587 2183 partim

48 2200 356 2242 communibus
378 2198 554 2241 usibus.’
618 2200 679 2240 Et
707 2200 849 2253 prima
878 2198 1109 2239 distinccio
1141 2198 1288 2252 legum
1317 2206 1383 2240 est
1409 2206 1457 2240 ut
1486 2207 1589 2241 ante

46 2271 197 2312 omnia
247 2269 528 2312 statuantur⁵
559 2268 678 2322 leges
718 2269 832 2310 circa
862 2268 1030 2310 cultum
1072 2268 1285 2310 divinum.
1366 2268 1587 2323 Quoniam

46 2340 220 2382 Tullius
241 2341 348 2382 dicit
370 2340 413 2380 in
437 2340 580 2394 primo
602 2339 671 2380 De
695 2337 996 2389 Quescz'om'bus
1013 2338 1042 2388 ⁶,
1063 2341 1073 2357 ‘
1090 2337 1366 2393 philosophia
1387 2341 1586 2381 omnium

48 2416 189 2452 mater
219 2410 400 2460 arcium,
431 2410 537 2463 quid
570 2415 636 2450 est
669 2409 788 2449 aliud
820 2408 915 2459 nisi,
948 2414 996 2448 ut
1028 2407 1168 2458 Plato,
1201 2409 1379 2457 donum,
1412 2417 1460 2451 ut
1491 2424 1586 2464 ego,

46 2479 275 2521 inventurn
299 2479 417 2520 Dei?
480 2479 574 2520 Hec
597 2492 677 2518 nos
701 2477 891 2531 primum
915 2478 970 2518 ad
1001 2477 1095 2531 ejus
1129 2478 1307 2528 cultum,
1336 2479 1495 2521 deinde
1528 2480 1585 2520 ad

41 2549 114 2604 jus
137 2549 378 2597 hominurn,
402 2549 522 2602 quod
553 2548 688 2589 situm
712 2554 777 2589 est
800 2547 843 2588 in
865 2548 1038 2600 generis
1059 2547 1240 2590 humani
1262 2549 1474 2590 societate
1497 2580 1505 2589 .
1541 2580 1550 2589 .
1577 2582 1585 2590 .

44 2617 256 2662 erudivit.'
311 2618 459 2672 Quare
482 2618 657 2658 Marcus
678 2617 848 2658 Tullius
873 2616 1026 2658 Cicero
1048 2618 1089 2658 in
1112 2619 1305 2660 secundo
1321 2618 1389 2659 De
1405 2619 1587 2660 Natura

88 2743 101 2762 ¹
124 2742 222 2775 Avic.
238 2740 316 2774 Met.
337 2747 361 2774 t.
373 2753 405 2774 x.
425 2751 451 2772 c.
469 2753 499 2781 4.
765 2740 777 2758 2
801 2745 837 2772 ut
854 2739 953 2772 Text.
1219 2739 1232 2759 ³
1255 2741 1335 2781 quin
1357 2741 1429 2773 MS.

72 2795 74 2797 ’
88 2795 99 2812 ⁴
122 2795 235 2827 These
247 2795 347 2826 three
361 2795 476 2826 words
490 2805 547 2826 are
561 2800 621 2826 not
638 2794 671 2825 in
687 2794 746 2825 the
757 2792 892 2834 printed
903 2798 988 2825 text.
1023 2793 1098 2824 The
1111 2793 1174 2825 last
1188 2794 1332 2834 phrases
1344 2804 1404 2825 are
1417 2795 1582 2827 inverted.

89 2847 102 2866 ⁵
124 2847 197 2880 MS.
213 2852 413 2879 statuamur.
634 2846 647 2864 ὅ
676 2846 770 2877 Tusc.
790 2845 887 2886 Dt'sp.
905 2845 926 2877 i.
943 2847 996 2877 26.

1620 608 1743 644 27a1.
