1904 3171
160 1275 282 1310 27a2.

1046 111 1102 152 24

300 214 500 259 Divina1
537 216 626 258 ait:
674 215 856 258 ‘Cultus
887 216 957 257 dei
994 222 1061 257 est
1098 216 1295 270 optimus
1332 215 1535 270 idemque
1572 215 1842 257 castissimus

301 293 435 341 atque
449 286 748 328 sanctissimus
765 285 1130 341 plenissimusque
1145 285 1335 340 pietatis,
1352 292 1400 327 ut
1418 299 1517 326 eum
1536 299 1711 339 semper
1724 300 1844 340 pura,

301 356 484 411 integra,
515 357 781 411 incorrupta,
807 363 851 398 et
884 361 1030 396 mente
1058 361 1102 396 et
1130 369 1237 397 voce
1264 369 1533 396 veneremur.
1596 356 1700 396 Non
1729 356 1845 397 enirn

301 426 554 481 philosophi
572 425 730 478 solum,
747 431 814 467 set
833 425 1022 479 majores
1039 424 1189 476 nostri,
1208 425 1571 478 supersticionem
1589 439 1614 466 a
1637 425 1846 480 religione

301 501 625 550 separaverunt.
681 496 799 537 Nam
823 495 897 548 qui
919 501 1038 536 totos
1062 495 1152 536 dies
1170 495 1463 548 precabantur
1479 502 1522 537 et
1540 496 1846 545 immolabant,

301 574 349 608 ut
371 567 436 607 sui
459 566 542 607 sibi
560 565 683 607 liberi
705 566 965 619 superstites
988 571 1149 615 essent,
1170 564 1469 618 supersticiosi
1492 573 1595 608 sunt
1617 565 1844 620 appellati,

302 637 422 690 quod
446 649 607 676 nomen
638 635 781 690 patuit
809 642 966 689 postea
989 634 1134 676 lacius.
1198 634 1286 689 Qui
1314 642 1462 677 autem
1492 636 1641 676 omnia
1668 650 1755 690 que
1785 637 1842 678 ad

301 705 469 748 cultum
508 705 592 746 Dei
627 705 891 758 pertinerent
917 705 1151 759 diligenter
1182 711 1385 745 curarent
1417 711 1461 745 et
1490 711 1703 759 tanquam
1737 706 1847 749 rele-

302 782 466 830 gerent,
485 780 587 817 sunt
608 775 715 817 dicti
738 774 939 830 religiosi,
964 789 1022 816 ex
1044 774 1291 829 relegendo,
1316 775 1529 828 eligentes
1552 789 1611 816 ex
1627 775 1845 830 eligendo,

299 853 513 899 tanquam
554 845 744 900 legendo
781 845 836 886 de
873 844 1084 899 legendis,
1117 851 1161 886 et
1205 845 1493 899 intelligendo
1541 844 1845 899 intelligentes.

300 916 508 957 Alterum
531 929 692 957 nomen
713 915 815 956 vicii
842 922 922 964 est,
943 915 1131 956 alterum
1156 914 1323 957 laudis.’

361 986 556 1027 Primum
583 991 732 1027 autem
758 986 878 1039 quod
909 985 1136 1040 legislator
1163 987 1299 1027 debet
1327 986 1561 1028 ostendere
1592 986 1847 1029 hominibus

301 1063 379 1110 est,
396 1056 637 1098 secundum
655 1055 933 1097 Avicennam
950 1055 975 1106 2,
991 1057 1113 1109 quod
1132 1059 1140 1075 ‘
1156 1056 1348 1110 primum
1366 1056 1703 1099 fundamentum
1724 1058 1844 1112 quod

301 1126 492 1169 instituit
529 1126 586 1167 sit
622 1125 708 1168 hoc
745 1132 794 1167 ut
830 1126 1024 1181 assignet
1059 1125 1314 1167 hominibus
1350 1127 1471 1179 quod
1508 1141 1643 1168 unum
1681 1127 1847 1171 habent

299 1197 513 1239 factorem
546 1196 910 1250 omnipotentem,
945 1196 1154 1237 scientem
1189 1196 1411 1238 occultum
1446 1202 1490 1237 et
1523 1196 1844 1255 manifestum,{

301 1273 345 1310 et
367 1267 487 1321 quod
510 1267 565 1308 de
582 1265 680 1320 jure
702 1265 796 1320 ejus
818 1273 901 1316 est,
922 1273 970 1307 ut
992 1266 1225 1308 obediatur
1245 1267 1463 1321 preceptis
1488 1266 1593 1321 ejus.
1657 1268 1849 1323 Oportet

300 1336 418 1379 enim
442 1343 491 1379 ut
512 1337 745 1378 obediatur
767 1337 992 1378 mandacis
1015 1336 1108 1391 ejus
1129 1336 1252 1391 cujus
1275 1344 1341 1378 est
1365 1337 1588 1378 creatura)

360 1404 617 1448 Secundum
648 1406 986 1448 fundamentum
1005 1405 1021 1429 ³
1041 1412 1108 1447 est
1130 1407 1275 1460 ‘quod
1303 1407 1612 1448 obedientibus
1641 1408 1724 1449 sibi
1751 1408 1845 1462 jam

301 1476 552 1530 preparavit
594 1477 930 1530 promissionem
972 1475 1143 1517 felicem
1185 1483 1229 1518 et
1266 1476 1623 1518 inobedientibus
1659 1479 1847 1533 promis-

301 1546 468 1588 sionem
487 1545 753 1588 terribilem.’
804 1547 864 1588 Et
882 1553 997 1589 recte
1014 1547 1159 1601 posita
1177 1555 1279 1588 sunt
1297 1547 1377 1588 hec
1395 1547 1684 1589 fundamenta
1701 1549 1846 1591 cultus

301 1615 436 1657 divini
464 1617 674 1671 quoniam
704 1616 966 1658 beneficium
991 1616 1212 1658 Creatoris
1241 1623 1307 1659 est
1336 1616 1555 1659 infinitum
1583 1631 1669 1659 uno
1700 1619 1847 1670 modo,

300 1700 401 1729 cum
435 1700 522 1729 non
555 1687 696 1742 possit
727 1686 818 1728 fieri
851 1687 930 1728 nisi
956 1701 1033 1741 per
1063 1687 1312 1742 potenciam
1344 1687 1575 1728 infinitam.
1623 1688 1684 1730 Et
1715 1689 1847 1730 bene-

301 1756 447 1798 ficium
482 1756 702 1798 felicitatis
734 1764 801 1798 est
831 1757 973 1810 majus
1006 1771 1069 1808 eo,
1091 1764 1136 1799 et
1164 1757 1263 1799 ideo
1294 1764 1471 1798 tenetur
1501 1757 1636 1799 homo
1668 1759 1848 1800 obedire

300 1826 517 1868 voluntati
554 1827 715 1877 divine,
753 1834 796 1868 et
833 1840 934 1868 eum
976 1841 1077 1868 cum
1120 1827 1240 1868 omni
1282 1828 1530 1868 reverencia
1571 1828 1723 1870 colere.
1785 1830 1848 1872 Et

302 1910 390 1937 non
426 1896 560 1938 debet
593 1896 817 1952 legislator
852 1897 1048 1939 detinere
1085 1895 1242 1951 vulgus
1276 1897 1388 1938 circa
1422 1897 1726 1952 cognicionem
1762 1899 1846 1941 Dei

300 1973 516 2019 quantum
551 1968 608 2008 ad
642 1967 827 2021 singula,
857 1974 924 2008 set
955 1967 1076 2021 quod
1114 1974 1181 2008 est
1219 1981 1330 2008 unus
1361 1967 1525 2016 vivens,
1558 1981 1646 2009 non
1679 1968 1847 2010 habens

299 2036 501 2089 similem,
532 2044 577 2079 et
608 2038 751 2091 ‘quod
790 2051 879 2079 non
917 2044 983 2079 est
1016 2038 1070 2078 Ei
1109 2038 1227 2079 aliud
1265 2051 1447 2092 compar
1484 2051 1564 2080 nec
1597 2036 1765 2079 simile'
1802 2047 1847 2083 et

300 2106 563 2149 huiusmodi.
619 2107 750 2149 Unde
767 2121 853 2149 non
873 2108 1006 2149 debet
1023 2107 1290 2149 descendere
1311 2109 1367 2149 ad
1386 2108 1558 2163 singula
1574 2122 1659 2161 que
1673 2116 1776 2151 sunt
1789 2110 1847 2152 de

302 2176 402 2217 Deo
424 2190 479 2218 ne
500 2176 658 2231 vulgus
684 2178 815 2219 cadat
844 2178 887 2218 in
910 2177 1085 2219 hereses
1112 2184 1156 2219 et
1183 2179 1454 2232 quesciones.
1516 2177 1654 2219 Verbi
1682 2180 1844 2233 gracia,

301 2246 336 2286 si
365 2247 526 2288 dixerit
558 2249 677 2302 quod
712 2248 835 2289 Deus
873 2247 1007 2289 habet
1044 2238 1138 2290 esse
1173 2261 1260 2289 non
1297 2248 1521 2303 signatum
1560 2248 1602 2289 in
1636 2247 1734 2290 loco
1765 2263 1846 2292 nec

302 2315 480 2357 dicibile
510 2318 655 2369 verbo,
693 2323 736 2358 et
768 2317 1019 2371 hujusmodi
1062 2317 1308 2360 difficiliora
1350 2332 1483 2372 quam
1517 2319 1657 2372 possit
1688 2318 1846 2374 vulgus

301 2398 471 2439 capere,
494 2399 572 2427 nec
594 2392 745 2428 tamen
773 2388 907 2429 debet
937 2388 1081 2430 dicere
1113 2402 1160 2429 se
1191 2387 1461 2430 occultasse4
1495 2388 1663 2443 aliquid
1694 2390 1752 2431 ab
1783 2389 1845 2430 eis

300 2459 310 2476 ‘
330 2455 429 2496 Imo
461 2463 639 2509 oportet
671 2464 718 2498 ut
747 2457 935 2499 insinuet
964 2458 1150 2513 gloriam
1180 2459 1265 2500 Dei
1297 2464 1342 2500 et
1371 2458 1721 2513 magnitudinem
1752 2459 1845 2513 ejus

302 2525 523 2579 aliquibus
558 2526 757 2568 vicibus⁵
797 2534 841 2570 et
884 2529 1103 2582 parabolis
1144 2529 1333 2582 sumptis
1375 2543 1400 2571 a
1443 2530 1572 2571 rebus
1615 2543 1700 2583 que
1741 2535 1844 2571 sunt

303 2596 421 2648 apud
454 2609 529 2636 eos
559 2595 757 2650 gloriose.
781 2630 789 2638 .
818 2631 825 2639 .
850 2629 858 2638 .
883 2597 1097 2640 Similiter
1125 2605 1302 2651 oportet
1331 2606 1379 2640 ut
1408 2598 1596 2640 affirmet
1629 2588 1691 2640 eis
1722 2598 1842 2653 quod

302 2664 461 2705 dicitur
506 2665 561 2706 de
612 2667 914 2720 promissione,
956 2668 1103 2709 taliter
1149 2675 1197 2710 ut
1245 2669 1411 2722 possint
1457 2668 1702 2722 ymaginati
1749 2668 1842 2722 ejus

391 2768 399 2785 ¹
423 2768 474 2799 De
489 2769 565 2800 Nat.
586 2769 746 2806 Deorum,
767 2771 798 2802 ii.
820 2770 872 2802 28.
1428 2772 1439 2788 ²
1464 2771 1527 2802 loc.
1547 2771 1601 2802 cit.
1622 2775 1643 2802 t.
1665 2782 1698 2802 x.
1716 2781 1743 2802 c.
1764 2781 1793 2803 2.

390 2820 402 2838 ³
428 2821 489 2853 loc.
508 2821 563 2854 cit.
580 2826 603 2852 t.
621 2832 654 2853 x.
673 2832 700 2853 c.
720 2833 750 2853 2.
937 2823 947 2840 ⁴
971 2823 1120 2854 occultas
1136 2833 1172 2854 se
1192 2823 1264 2855 MS.
1424 2822 1436 2841 ⁵
1460 2824 1600 2854 nutibus
1616 2823 1713 2855 Text.
