1904 3171
784 162 831 202 15

46 263 240 306 mortalis
266 270 332 305 est
355 263 564 305 liberatus
592 265 938 307 immortalitatis
963 265 1105 306 future
1137 265 1326 319 concipit
1349 265 1581 308 fiduciam.’

46 334 106 375 Et
138 333 235 374 ideo
267 347 351 374 non
382 332 525 374 solum
559 341 798 387 posuerunt
831 333 1084 376 felicitatem
1117 335 1362 375 animarum
1396 342 1461 376 set
1491 349 1584 376 cor-

44 416 199 457 porum
232 404 598 455 resurgendorum
633 411 677 445 et
707 403 1094 459 glorificandorum
1127 417 1226 445 cum
1263 404 1421 445 anima.
1486 405 1584 447 Hoc

43 471 286 520 Avicenna‚
317 471 400 513 hoc
434 472 714 514 Democritus
746 474 922 527 antiqus
962 473 1193 515 affirmant.
1269 473 1434 515 Plinius
1470 474 1584 515 enim

45 543 127 585 hoc
149 542 277 584 refert
300 543 355 583 de
375 542 632 584 Democrito
648 549 691 585 et
716 543 842 585 multi
861 543 946 592 alii,
965 544 1055 584 imo
1077 557 1231 584 omnes
1255 550 1369 586 recte
1391 544 1585 598 philoso-

45 613 247 667 phantes,
269 612 477 666 quoniam
512 627 569 653 ex
600 613 723 655 fonte
754 613 1034 668 philosophie
1069 620 1282 664 eruerunt,
1314 614 1418 667 quia
1451 614 1586 655 virtus

44 683 284 725 secundum
315 696 390 723 eos
422 689 487 724 est
521 683 754 736 conjuncti,
787 683 899 724 sicut
931 682 1175 736 intelligere
1207 690 1251 725 et
1284 683 1502 734 edificare,
1539 690 1587 725 ut

46 751 299 794 Aristotiles
321 751 431 793 vult.
486 752 546 793 Et
568 753 667 793 ideo
689 757 930 805 posuerunt
953 751 1209 794 felicitatem
1233 752 1454 806 conjuncti
1481 767 1587 801 esse,

45 823 160 863 unde
183 835 271 863 non
298 821 441 863 solum
466 828 703 874 posuerunt
734 822 960 863 hominem
983 835 1079 863 esse
1105 823 1299 863 animam
1323 823 1365 863 in
1389 837 1589 878 corpore,

44 899 112 934 set
142 904 244 933 vere
275 891 571 945 compositum
603 905 659 932 ex
688 892 833 933 anima
862 898 906 933 et
935 905 1132 945 corpore,
1155 892 1216 933 ita
1244 894 1364 945 quod
1393 893 1588 934 essencia

44 961 233 1002 hominis
264 961 319 1001 sit
351 961 552 1002 instituta
584 975 641 1002 ex
673 961 820 1002 anima
855 967 898 1002 et
930 975 1125 1015 corpore,
1161 968 1205 1003 et
1237 976 1324 1004 non
1358 963 1477 1015 quod
1509 976 1588 1003 sua

46 1031 241 1072 essencia
281 1031 337 1071 sit
379 1030 473 1072 sola
509 1031 659 1071 anima
695 1031 738 1071 in
776 1044 970 1085 corpore.
1035 1030 1149 1072 Illud
1188 1032 1304 1072 enim
1332 1030 1337 1087 Ι
1366 1032 1483 1086 quod
1522 1039 1588 1074 est

45 1101 232 1142 nobilius
268 1115 293 1141 a
330 1106 454 1154 parte
495 1100 685 1141 hominis
726 1106 966 1154 posuerunt
1008 1101 1302 1142 substanciam
1347 1103 1586 1156 prescisum

44 1170 217 1212 virtutis
250 1177 294 1211 et
326 1169 557 1218 felicitatis,
585 1169 669 1210 hoc
701 1177 849 1211 autem
884 1177 950 1211 est
983 1170 1268 1224 conjunctum
1301 1171 1344 1211 in
1371 1178 1586 1224 quantum

44 1240 310 1294 hujusmodi,
347 1240 450 1293 quia
490 1240 582 1293 ipse
624 1239 758 1281 homo
800 1239 874 1294 qui
922 1245 987 1281 est
1028 1241 1300 1294 compositus
1343 1256 1401 1282 ex
1442 1242 1588 1283 anima

45 1317 88 1351 et
126 1323 311 1364 corpore
353 1315 419 1349 est
461 1309 650 1350 nobilius
685 1323 818 1363 quam
854 1309 1001 1350 anima
1039 1309 1144 1358 sola,
1183 1311 1391 1363 quoniam
1428 1325 1587 1365 corpus

45 1380 285 1420 humanum
313 1384 379 1419 est
410 1378 568 1418 nobilis
600 1378 862 1420 substancia.
918 1379 978 1420 Et
1011 1379 1212 1432 quamvis
1245 1379 1430 1422 felicitas
1461 1381 1585 1435 spiri-

44 1449 177 1490 tualis
209 1454 253 1489 et
274 1448 412 1488 virtus
446 1447 578 1488 insint
608 1447 776 1488 homini
801 1448 975 1489 racione
1002 1449 1159 1496 anime,
1187 1455 1336 1490 tamen
1368 1463 1456 1490 non
1485 1456 1585 1491 sunt

45 1519 200 1569 anime,
223 1523 272 1558 ut
302 1517 360 1558 ibi
387 1517 442 1558 sit
472 1523 623 1567 status,
656 1523 722 1558 set
752 1523 934 1570 propter
965 1517 1191 1558 hominem
1223 1518 1367 1572 ipsum
1403 1518 1585 1572 conjun-

46 1595 180 1630 ctum.
243 1587 304 1628 Et
335 1588 435 1628 ideo
472 1592 715 1641 posuerunt
747 1586 999 1628 felicitatem
1036 1600 1122 1641 que
1157 1594 1222 1628 est
1254 1587 1352 1629 finis
1383 1588 1586 1638 hominis,

48 1657 270 1712 complere
300 1656 521 1697 hominem
554 1661 711 1705 totum,
743 1662 835 1696 tam
867 1671 892 1697 a
924 1662 1048 1709 parte
1084 1657 1288 1710 corporis,
1318 1664 1367 1698 ut
1402 1658 1587 1698 debetur

45 1728 97 1778 ei,
119 1741 252 1781 quam
275 1740 300 1767 a
321 1731 446 1780 parte
468 1726 626 1766 anime.
693 1725 752 1766 Et
775 1725 874 1766 ideo
897 1733 1137 1779 posuerunt
1159 1739 1317 1779 corpus
1348 1725 1586 1779 aliquando

46 1797 254 1851 conjungi
286 1809 385 1837 cum
422 1796 583 1845 anima,
617 1802 665 1836 ut
702 1801 888 1848 utraque
924 1794 1205 1848 perficeretur
1240 1798 1481 1837 secundum
1520 1797 1585 1839 sui

47 1866 376 1921 proprietatem.
459 1864 670 1907 Sciebant
711 1865 829 1905 enim
872 1878 950 1918 per
998 1865 1219 1906 racionem
1271 1866 1390 1919 quod
1447 1866 1587 1906 forma

45 1936 356 1991 appropriatur
382 1936 566 1976 materie
596 1941 638 1976 et
665 1948 689 1975 e
717 1948 942 1983 converso,
965 1941 1009 1975 et
1038 1935 1139 1976 ideo
1164 1935 1305 1976 forma
1327 1935 1586 1989 incorrupti-

45 2006 144 2047 bilis
158 2005 415 2059 appropriat
428 2005 509 2046 sibi
529 2005 758 2046 materiam
778 2003 1166 2059 incorruptibilem.
1219 2004 1429 2046 Sciebant
1447 2006 1586 2045 eciam

46 2077 163 2129 quod
195 2075 418 2129 appetitus
451 2074 591 2115 forme
622 2087 710 2115 non
743 2073 989 2127 completur
1021 2073 1101 2114 nisi
1135 2074 1176 2114 in
1210 2074 1393 2115 materia
1429 2088 1520 2127 sua,
1544 2080 1588 2116 et

47 2152 287 2198 posuerunt
309 2145 555 2198 appetitum
578 2144 725 2184 anime
746 2143 944 2185 totaliter
965 2143 1175 2198 compleri
1205 2157 1283 2197 per
1305 2144 1558 2185 felicitatem
1577 2157 1585 2193 ;

48 2221 314 2268 quapropter
344 2221 584 2267 posuerunt
616 2213 735 2266 quod
770 2214 812 2253 in
845 2227 1039 2266 corpore.
1103 2213 1182 2254 Set
1211 2214 1254 2254 in
1286 2213 1433 2267 aliquo
1466 2214 1585 2255 defe-

46 2291 211 2333 cerunt,
243 2285 551 2325 recurrendum
583 2289 649 2324 est
682 2283 738 2323 ad
771 2297 823 2324 ea
854 2297 938 2336 que
979 2297 1088 2337 pura
1125 2282 1234 2324 fides
1270 2289 1392 2325 tenet
1428 2283 1470 2324 in
1505 2283 1588 2325 hac

47 2361 187 2408 parte,
218 2355 335 2395 unde
366 2367 421 2394 an
453 2354 509 2394 sit
542 2359 584 2394 et
616 2352 776 2393 debeat
807 2366 903 2393 esse
934 2352 1121 2393 felicitas
1147 2354 1341 2407 corporis
1373 2359 1417 2394 et
1445 2353 1588 2394 anime

49 2423 160 2464 scire
187 2436 234 2464 se
265 2422 663 2464 manifestaverunt.
726 2421 806 2463 Set
832 2422 939 2475 quid
972 2422 1028 2463 sit
1055 2428 1097 2463 et
1119 2422 1260 2476 qualis
1282 2429 1325 2464 et
1347 2429 1522 2475 quanta,
1545 2429 1589 2464 et

47 2492 274 2545 quomodo
300 2492 481 2532 deberet
501 2491 678 2543 acquiri,
694 2497 738 2531 et
760 2496 927 2532 ceteras
953 2491 1249 2545 proprietates
1272 2491 1315 2532 in
1337 2492 1588 2546 particulari

46 2561 376 2614 ignoraverunt3
409 2561 489 2602 hec
520 2561 636 2601 enirn
669 2574 726 2601 ex
756 2561 1029 2602 revelacione
1060 2560 1288 2602 habentur.
1352 2562 1412 2602 Et
1433 2575 1588 2615 posue-

46 2636 146 2672 runt
167 2632 286 2684 quod
313 2631 434 2671 Deus
457 2630 766 2672 obedientibus
788 2631 1040 2685 preparavit
1062 2630 1397 2685 promissionem
1420 2631 1588 2673 felicem

45 2714 179 2754 quam
217 2700 369 2741 oculus
405 2713 493 2740 non
531 2699 641 2740 vidit
677 2713 756 2741 nec
793 2700 836 2740 in
874 2713 949 2740 cor
983 2700 1170 2741 hominis
1207 2700 1433 2749 ascendit;
1475 2700 1588 2741 sicut

46 2770 277 2813 Avicenna
313 2768 448 2811 dicit1
485 2783 692 2822 expresse
734 2771 777 2810 in
809 2769 1048 2811 [radicibus
1086 2768 1242 2811 Civilis
1275 2769 1466 2811 Scz‘encz’e
1483 2769 1511 2821 ²,
1543 2777 1588 2811 et

265 2854 276 2872 ¹
299 2854 393 2885 Avic.
412 2853 486 2886 Met.
506 2859 529 2886 t.
548 2865 581 2887 x.
600 2865 626 2886 c.
648 2864 679 2896 2,
701 2854 733 2884 in
753 2854 831 2885 fine.
985 2853 997 2871 ²
1020 2859 1041 2885 t.
1062 2854 1106 2885 ix.
1130 2865 1157 2886 c.
1185 2865 1215 2895 7,
1236 2855 1269 2885 in
1288 2855 1366 2886 fine.

1608 1041 1730 1083 25b1.
