1904 3171
119 2340 246 2380 30b1.

1016 126 1069 164 40

325 228 559 271 Secundus
581 229 740 269 modus
763 235 828 270 est
851 242 929 282 per
947 228 1090 282 legem
1112 243 1250 279 suam,
1268 244 1355 284 que
1382 231 1426 271 in
1449 230 1678 272 nobilitate
1701 228 1811 282 finis,

263 307 309 343 et
331 313 482 341 eorum
509 312 596 353 que
621 305 724 340 sunt
745 298 802 340 ad
829 297 962 339 finem
994 299 1171 341 excedit
1197 300 1304 341 alias
1333 306 1474 342 sectas
1505 301 1546 341 in
1579 301 1812 352 infinitum,

264 377 308 412 et
331 370 432 412 ideo
454 383 532 423 per
553 375 701 411 totum
724 370 941 410 mundum
964 369 998 409 si
1021 376 1137 411 esset
1160 369 1355 411 infinitus
1382 372 1565 412 deberet
1588 370 1811 425 dewlgari.

323 440 507 482 Tercius
549 439 708 480 modus
750 444 816 479 est
858 452 937 492 per
973 439 1283 480 certitudinem
1326 441 1449 482 istius
1489 447 1620 490 secte,
1657 447 1700 481 et
1725 453 1813 495 „per

264 510 584 566 perfeccionem
614 523 700 562 que
732 522 789 549 ex
822 508 1094 550 revelacione
1127 510 1372 551 certissima
1402 511 1486 552 sibi
1519 512 1562 552 in
1595 516 1811 564 quantum

262 582 414 631 homo,
431 586 475 621 et
497 579 660 620 sanctis
682 578 781 629 suis,
799 577 917 620 facta
938 578 1110 620 suerunt
1132 579 1281 621 habite
1301 597 1310 631 3
1343 587 1388 622 et
1403 581 1508 622 'ideo
1531 581 1566 622 si
1583 581 1812 623 Avicenna

265 658 309 693 et
343 649 598 705 philosophi
635 654 868 690 senserunt
905 650 1024 702 quod
1061 649 1278 703 perfeccio
1313 649 1423 704 legis
1459 650 1615 694 habuit
1651 667 1677 693 a
1712 651 1813 692 Deo

264 719 457 762 revelari.
521 719 581 759 Et
613 732 702 759 non
729 724 878 772 potest
905 719 1053 773 aliqua
1081 726 1202 761 secta
1232 726 1299 762 tot
1328 720 1620 763 revelaciones
1646 728 1690 763 et
1717 727 1811 762 tarn

264 791 481 846 perfectas
509 791 743 832 ostendere
768 790 882 832 sicut
904 797 1024 832 secta
1047 791 1223 841 Christi,
1247 798 1294 833 ut
1316 799 1439 846 patet
1461 807 1540 848 per
1566 794 1812 847 expressio-

263 876 365 904 nem
391 860 676 902 articulorum
700 860 813 911 fidei,
828 868 872 902 et
889 874 1067 903 ornnem
1090 861 1237 917 legum
1261 869 1305 904 et
1323 877 1496 904 morum
1519 863 1812 913 honestatem,

263 939 308 974 et
329 939 486 981 cetera,
508 944 594 984 que
620 936 740 972 tacta
762 937 863 972 sunt
887 932 929 971 in
946 931 959 954 1
982 939 1115 974 secte.
1179 932 1464 975 Manifestum
1493 940 1560 975 est
1581 934 1702 988 quod
1730 933 1814 976 hec

262 1009 329 1044 est
361 1002 436 1043 illa
466 1015 554 1056 que
582 1001 691 1042 alias
719 1002 1050 1056 supergreditur
1080 1003 1123 1043 in
1155 1004 1418 1045 certitudine
1449 1010 1494 1045 et
1526 1003 1812 1058 perfeccione,

262 1080 306 1116 et
329 1074 430 1114 ideo
450 1071 655 1113 tenenda.
1245 1065 1248 1067 ’
1673 1127 1676 1131 ⁵

323 1144 521 1198 Quartus
545 1143 704 1184 modus
733 1149 801 1184 est
823 1157 901 1197 per
933 1144 1105 1186 nobiles
1134 1145 1412 1187 condiciones
1443 1145 1627 1186 Domini
1658 1145 1812 1187 No'stri

261 1214 398 1268 Jhesu
433 1212 609 1264 Christi,
631 1219 681 1254 ut
712 1215 969 1255 ostendatur
1000 1216 1119 1269 quod
1149 1216 1191 1256 in
1231 1215 1300 1257 Eo
1333 1221 1436 1256 sunt
1469 1216 1617 1256 omnia
1648 1229 1734 1269 que
1756 1216 1812 1256 ad

262 1284 572 1326 auctoritatem
602 1283 779 1338 plenam
808 1291 851 1325 et
881 1284 1014 1325 fidem
1045 1285 1287 1338 perfectam
1318 1285 1577 1327 faciendam.
1641 1286 1702 1326 Et
1726 1285 1812 1327 hoc

262 1371 321 1398 ex
343 1355 493 1397 Tullio
515 1360 560 1396 et
582 1354 677 1395 aliis
704 1354 812 1395 locis
842 1356 973 1396 tactis
1003 1355 1272 1398 inveniemus
1293 1370 1380 1411 que
1404 1363 1506 1398 sunt
1527 1356 1812 1398 condiciones

261 1440 348 1481 que
385 1425 697 1466 auctoritatem
735 1424 913 1466 faciunt.
978 1425 1093 1467 Illud
1131 1432 1278 1467 autem
1318 1427 1361 1466 in
1400 1440 1488 1480 quo
1526 1427 1731 1480 precipue
1767 1434 1813 1469 et

263 1496 459 1537 maxime
493 1502 537 1536 et
570 1494 829 1536 naturaliter
862 1501 952 1536 stat
990 1496 1226 1538 auctoritas
1259 1496 1325 1538 cui
1359 1496 1468 1538 fides
1500 1496 1714 1538 debeatur
1746 1503 1812 1538 est

262 1566 410 1613 virtus,
444 1565 556 1606 sicut
577 1564 752 1606 Tullius
781 1571 825 1606 et
859 1564 930 1605 alii
964 1567 1243 1608 concordant.
1308 1566 1387 1609 Set
1421 1567 1620 1607 maxima
1651 1573 1695 1608 et
1717 1580 1812 1620 per-

264 1636 378 1678 fecta
399 1635 480 1676 fuit
503 1635 640 1676 virtus
663 1635 705 1675 in
730 1634 813 1686 Eo,
836 1648 914 1676 nec
936 1642 1089 1688 posset
1112 1636 1286 1677 ostendi
1310 1637 1352 1677 in
1382 1636 1532 1690 aliquo
1561 1637 1812 1689 legislatore

263 1711 390 1747 tanta
422 1704 656 1746 sanctitas:
697 1703 900 1759 legantur
935 1705 1190 1760 Ewangelia
1222 1712 1266 1747 et
1294 1706 1440 1748 Actus
1474 1706 1812 1760 Apostolorum,

264 1776 468 1829 legantur
503 1775 595 1815 vita
637 1781 681 1815 et
723 1782 848 1816 actus
887 1775 1175 1823 Machometi,
1213 1775 1416 1830 legantur
1453 1777 1594 1818 eciam
1636 1777 1728 1818 vita
1765 1783 1810 1817 et

263 1853 387 1888 actus
430 1845 579 1898 Moysi
613 1852 657 1887 et
695 1845 994 1900 cujuscunque
1035 1846 1215 1887 alterius
1251 1847 1525 1901 legislatoris,
1561 1854 1604 1888 et
1641 1853 1810 1888 certum

263 1917 343 1957 erit
381 1915 584 1956 omnibus
615 1915 896 1956 audientibus
935 1917 1054 1969 quod
1089 1930 1177 1957 non
1210 1917 1290 1958 erit
1317 1918 1594 1970 comparacio
1625 1917 1811 1958 aliorum

261 1985 319 2026 ad
344 1985 601 2026 Dominum.

323 2053 530 2097 Secunda
553 2055 751 2097 condicio
778 2063 846 2097 est
875 2056 1095 2110 sapiencia
1118 2057 1323 2111 perfecta,
1345 2071 1430 2111 que
1452 2057 1603 2099 virtuti
1631 2071 1812 2099 annexa

263 2125 506 2180 perfectum
539 2126 682 2166 reddit
710 2132 940 2167 auctorem
965 2127 1033 2168 cui
1063 2127 1195 2181 digne
1224 2128 1342 2168 credi
1374 2128 1522 2178 habet,
1545 2129 1656 2169 sicut
1688 2134 1812 2181 patet

264 2209 322 2236 ex
344 2194 492 2236 Tullio
513 2194 582 2235 De
609 2195 804 2245 Oratore,
828 2202 871 2237 et
901 2197 943 2237 in
973 2197 1138 2251 Topicis
1164 2203 1208 2238 et
1241 2212 1297 2238 ex
1325 2197 1418 2238 aliis
1445 2198 1573 2238 dictis
1602 2197 1722 2245 locis,
1744 2204 1812 2239 set

264 2263 583 2318 perfectissima
612 2265 692 2306 fuit
726 2266 767 2306 in
803 2266 883 2317 Eo,
905 2267 1015 2307 sicut
1046 2274 1169 2320 patet
1200 2268 1241 2307 in
1273 2252 1518 2322 provisione
1550 2267 1812 2314 futurorum,

265 2335 307 2375 in
340 2335 648 2389 preteritorum
677 2337 996 2387 recordacione,
1018 2338 1112 2378 sine
1139 2336 1144 2393 Ι
1173 2323 1464 2380 instruccione
1495 2338 1738 2379 litterarum
1767 2346 1813 2380 et

266 2404 473 2454 doctoris,
496 2404 538 2444 in
565 2406 839 2458 presencium
868 2407 1143 2449 occultorum
1173 2409 1430 2463 cognicione
1453 2409 1660 2463 quoniam
1691 2408 1811 2463 cogi-

264 2475 461 2516 taciones
504 2476 717 2516 mentium
761 2478 1090 2530 presencialiter
1128 2479 1307 2520 sciebat.
1373 2479 1432 2520 Et
1471 2479 1572 2520 ideo
1611 2478 1812 2533 legantur

265 2544 462 2599 hystorie
498 2545 554 2585 de
585 2546 675 2587 vita
704 2554 749 2588 et
778 2547 950 2588 actibus
984 2548 1093 2601 Ejus
1126 2555 1169 2589 et
1202 2549 1386 2589 aliorum
1419 2547 1734 2601 legislatorum,
1767 2554 1812 2589 et

265 2614 342 2655 fiat
368 2613 562 2662 collaci0‚
585 2622 651 2656 set
678 2629 764 2656 non
792 2617 1033 2658 invenietur
1055 2619 1345 2671 comparacio.
1411 2618 1471 2659 Et
1494 2619 1594 2659 idco
1619 2618 1654 2658 si
1680 2616 1811 2669 Judei

265 2691 513 2739 preponant
528 2685 794 2738 sapienciam
813 2687 960 2740 Moysi
977 2694 1020 2728 et
1034 2688 1326 2734 sanctitatem,
1337 2695 1381 2729 et
1398 2687 1604 2729 Saraceni
1619 2687 1812 2741 allegent

263 2755 476 2809 figmenta
501 2756 748 2798 sanctitatis
775 2763 818 2797 et
849 2757 1067 2810 sapiencie
1092 2757 1378 2808 Machometi,
1402 2766 1445 2799 ct
1479 2772 1559 2799 nos
1582 2758 1808 2799 veritatem

659 2841 667 2859 ¹
694 2841 725 2872 A
746 2842 843 2872 word
861 2842 930 2873 like
948 2848 1073 2881 sancta,
1094 2844 1150 2874 δεῖ
1168 2843 1200 2873 in
1223 2842 1293 2875 MS.
1314 2843 1407 2874 herc.
