1904 3171
795 139 844 178 31

49 241 186 284 habet
212 240 483 295 plenumque
509 242 676 283 bonum
708 243 837 284 sortis
862 243 1067 294 humane,
1091 257 1190 285 cum
1219 244 1387 286 calcato
1417 259 1594 287 causam

51 311 168 352 malo
191 311 302 365 petit
324 311 476 360 altum,
501 318 545 352 et
568 311 818 353 interiorem
843 318 997 355 nature
1025 313 1167 354 sinum
1190 315 1322 364 venit,
1346 321 1450 356 tunc
1469 315 1595 369 juvat

49 382 160 423 inter
181 381 275 434 ipsa
296 381 457 434 sydera
479 387 713 434 vagantem
736 382 921 424 divitum
946 383 1202 436 pavimenta
1225 384 1365 425 ridere
1387 391 1431 426 et
1452 391 1595 426 totam

50 465 150 493 cum
179 465 285 492 auro
315 465 394 492 suo
424 457 597 502 terram,
621 465 709 493 non
740 451 814 493 illo
843 459 1030 501 tantum,
1053 453 1164 503 dico,
1185 454 1304 507 quod
1334 454 1508 508 egessit,
1530 462 1597 496 set

50 520 127 562 illo
153 521 272 575 quod
306 521 347 561 in
380 520 552 562 occulto
583 527 726 562 servat
760 522 1050 575 posteriorum
1091 522 1304 565 avaricie.'
1366 524 1494 565 ‘Hoc
1532 530 1599 565 est

50 597 262 645 punctum
280 592 399 644 quod
423 591 533 631 inter
550 597 616 631 tot
633 598 787 644 gentes
806 591 919 632 ferro
943 598 986 633 et
1009 592 1108 646 igne
1125 593 1347 634 dividitur.
1403 593 1442 635 O
1461 607 1595 647 quam

51 660 273 702 ridiculosi
305 667 406 701 sunt
435 661 608 701 termini
640 661 917 703 mortalium!
961 662 1075 703 ultra
1100 662 1303 704 Histrum
1328 663 1478 704 Dacus
1508 677 1596 703 non

50 736 195 773 exeat.
258 730 430 771 Parthis
467 731 615 772 obstat
653 730 871 780 Eufrates,
907 731 1138 773 Danubius
1184 731 1430 774 Sarmatica
1465 739 1598 787 atque

51 799 257 840 Romana
288 800 571 850 discriminet,
606 800 759 841 Renus
793 799 1027 842 Germanie
1060 802 1240 842 modum
1272 801 1418 843 faciat.
1481 803 1599 843 Pire-

51 869 312 910 neus'inter
349 868 539 910 Galliam
577 876 620 910 et
660 869 926 923 Hispaniam
969 871 1163 911 medium
1201 870 1389 913 extollat
1427 871 1597 925 jugum.

53 939 176 979 Inter
191 939 421 993 Egyptum
440 946 483 980 et
504 939 761 993 Ethiopiam
779 939 1041 980 harenarum
1065 939 1229 981 inculta
1245 941 1427 982 vastitas
1441 941 1598 995 jaceat.

52 1007 100 1050 Si
139 1009 236 1062 quis
274 1009 466 1050 formicis
503 1009 580 1050 det
617 1009 887 1051 intellectum
925 1009 1129 1058 hominis,
1169 1024 1313 1051 nonne
1351 1010 1422 1051 ille
1464 1024 1597 1051 unam

51 1093 198 1120 aream
213 1079 255 1120 in
274 1078 435 1120 multas
451 1078 466 1103 ¹
485 1079 685 1120 dividunt
705 1080 984 1133 provincias?
1031 1079 1145 1121 Cum
1162 1080 1332 1121 videbis
1351 1082 1597 1122 excercitus

51 1149 134 1190 sub
165 1148 294 1190 tectis
325 1149 386 1189 ire
415 1148 602 1197 vexillis,
637 1150 831 1202 equitem
870 1150 1004 1191 modo
1037 1150 1258 1191 exteriora
1288 1150 1596 1204 explorantem

53 1219 188 1260 modo
219 1233 244 1260 a
277 1218 486 1260 lateribus
517 1218 720 1269 affusum,
754 1219 1034 1261 formicarum
1074 1220 1156 1260 iste
1193 1220 1412 1261 discursus
1449 1227 1516 1262 est
1553 1221 1596 1261 in

52 1295 240 1343 angusto
262 1288 576 1330 laborancium.
640 1289 760 1343 Quid
784 1290 845 1330 illi
875 1296 919 1330 et
949 1289 1073 1330 nobis
1104 1290 1296 1339 interest,
1327 1290 1407 1331 nisi
1438 1291 1600 1344 exigua

53 1373 256 1401 mensura
285 1359 560 1412 corpusculi?
613 1359 833 1400 Punctum
862 1366 928 1400 est
960 1358 1066 1399 illud
1100 1358 1144 1399 in
1178 1373 1266 1412 quo
1299 1360 1528 1413 navigatis
1556 1361 1599 1401 in

53 1442 142 1482 quo
173 1428 359 1477 bellatis,
383 1429 425 1469 in
457 1443 546 1483 quo
579 1430 783 1484 regnatis,
846 1429 1029 1471 Sursum
1066 1429 1267 1483 ingencia
1303 1430 1450 1483 spacia
1487 1436 1600 1482 sunt,

54 1499 97 1540 in
121 1513 309 1553 quorum
331 1499 653 1553 possessionem
678 1500 850 1540 animus
878 1499 1156 1548 admittitur;
1189 1512 1241 1539 ac
1264 1499 1392 1541 velud
1416 1500 1600 1542 vinculis

54 1568 265 1610 liberatus
294 1569 336 1609 in
366 1569 578 1622 originem
606 1569 732 1611 redit.
797 1569 858 1610 Et
886 1569 972 1610 hoc
1000 1574 1310 1622 argumentum
1344 1575 1409 1610 est
1443 1570 1600 1611 divini-

53 1639 159 1681 tatis
191 1652 279 1687 sue,
310 1639 430 1693 quod
464 1638 587 1680 illum
619 1640 839 1680 delectant
861 1637 1037 1680 divina2
1072 1652 1152 1680 nec
1185 1644 1233 1678 ut
1264 1638 1427 1689 alienis,
1451 1647 1517 1681 set
1550 1647 1598 1682 ut

54 1709 143 1750 suis
167 1709 349 1750 interest
369 1716 475 1750 tunc
492 1709 732 1763 temptabit
754 1709 908 1763 prioris
932 1708 1142 1750 domicilii
1165 1708 1410 1762 anguscias.
1465 1709 1599 1763 Quod

54 1779 170 1820 enim
181 1778 209 1829 3,
225 1779 283 1820 ab
299 1779 463 1820 ultimis
483 1779 701 1833 Hispanie
719 1793 856 1833 usque
874 1779 928 1819 ad
943 1777 1216 1831 Indosjacet,
1235 1778 1599 1831 paucissimorum

55 1850 226 1891 dierum
255 1849 453 1903 spacium
483 1855 550 1890 est
579 1849 614 1890 si
645 1862 800 1889 navem
823 1849 910 1889 suis
934 1847 1040 1888 ferat
1062 1854 1233 1888 ventus.
1294 1846 1360 1888 At
1383 1847 1458 1888 illa
1479 1849 1600 1903 regio

55 1919 228 1960 celestis
257 1932 335 1973 per
357 1919 515 1972 36,ooo
538 1932 757 1960 annorum
780 1918 1058 1959 velocissimo
1081 1917 1210 1957 sideri
1225 1914 1242 1939 4
1265 1917 1381 1958 viam
1405 1916 1599 1972 p1·estat.’

56 1988 174 2043 Quia
195 1989 287 2030 sine
304 1989 439 2030 dubio
458 2003 542 2031 una
557 1988 775 2030 revolucio
799 1987 1025 2029 stellarum
1044 1986 1234 2027 fixarum
1249 1985 1264 2009 ⁵
1281 1987 1456 2040 propria
1469 2001 1601 2041 super

55 2059 184 2113 polos
221 2059 389 2100 zodiaci
428 2072 516 2100 non
553 2064 700 2113 potest
738 2058 830 2098 fieri
868 2058 912 2097 in
951 2056 1107 2097 minori
1144 2063 1345 2110 tempore
1382 2070 1515 2109 quam
1555 2057 1600 2098 in

57 2135 234 2170 centum
257 2129 397 2177 annis,
419 2142 505 2170 non
528 2129 686 2169 transit
712 2127 792 2168 nisi
815 2127 1002 2182 gradum
1026 2139 1160 2166 unum
1184 2126 1239 2166 de
1261 2126 1420 2166 circulo
1447 2126 1489 2167 in
1512 2140 1601 2180 quo

57 2212 217 2253 corpus
239 2198 368 2240 stelle
390 2197 749 2253 ymaginabiliter
776 2203 977 2238 movetur
999 2196 1317 2250 equidistanter
1340 2196 1535 2245 zodiaco,
1557 2203 1601 2238 et

57 2269 169 2310 circa
186 2269 314 2323 polos
331 2268 438 2321 ejus,
457 2275 504 2310 ut
519 2282 578 2308 ex
597 2266 858 2309 Ptholomeo
876 2272 920 2307 et
934 2264 1208 2319 Alfaragano
1226 2264 1506 2307 manifestum
1522 2273 1602 2308 est.

119 2339 178 2379 Et
213 2338 447 2391 Apuleius
483 2338 526 2378 in
559 2337 673 2378 libro
704 2336 774 2377 De
798 2335 889 2377 Deo
924 2335 1122 2376 Socratis
1154 2335 1259 2376 dicit
1292 2336 1604 2377 convenienter

59 2408 210 2450 omnia
252 2408 370 2449 bona
411 2407 659 2448 extrinseca
708 2412 752 2447 et
798 2405 992 2459 corporis
1038 2419 1134 2446 esse
1183 2404 1479 2458 despicienda,
1523 2419 1603 2447 nec

59 2478 378 2519 consideranda
394 2477 437 2517 in
456 2477 586 2518 laude
600 2475 792 2517 hominis
807 2475 926 2523 boni,
941 2488 1070 2529 super
1084 2474 1151 2514 his
1165 2474 1309 2516 verbis
1329 2491 1337 2516 :
1370 2477 1379 2494 ‘
1396 2474 1602 2515 Homini-

59 2547 142 2589 bus
184 2546 539 2601 contemplandis
589 2545 675 2586 noli
718 2545 791 2586 illa
840 2544 984 2586 aliena
1034 2544 1301 2595 existimare,
1347 2550 1412 2586 set
1457 2544 1602 2597 ipsum

60 2617 287 2658 hominem
324 2617 501 2670 penitus
538 2615 778 2664 considera,
815 2622 862 2656 ut
902 2628 1049 2655 meum
1089 2614 1317 2656 Socratem
1361 2627 1600 2667 pauperem

62 2692 265 2741 expecta.
325 2685 491 2727 Aliena
537 2692 686 2727 autem
722 2699 832 2726 voco
878 2699 964 2738 que
1001 2690 1207 2738 parentes
1249 2690 1525 2739 pepererunt,
1559 2690 1604 2725 et

63 2770 149 2811 que
178 2756 353 2798 fortuna
385 2755 544 2809 largita
575 2761 654 2806 est,
683 2768 868 2808 quorum
901 2753 1035 2795 nichil
1062 2753 1266 2794 laudibus
1300 2752 1473 2795 Socrati
1503 2766 1605 2794 meo

128 2844 139 2863 ¹
165 2844 239 2877 MS.
257 2844 391 2876 multos.
448 2843 460 2861 ²
487 2843 560 2875 MS.
577 2842 710 2875 divicia.
772 2842 784 2860 ⁸
810 2842 883 2875 MS.
902 2852 975 2874 ens.
1039 2842 1048 2857 ⁴
1074 2841 1147 2872 MS.
1166 2841 1255 2874 fidei.
1317 2841 1329 2859 ⁵
1355 2840 1429 2873 MS.
1449 2842 1605 2874 fixorum.
