1904 3171
575 451 1124 507 APPENDIX

402 611 700 652 EXTRACTS
730 613 894 652 FROM
924 613 1068 653 OPUS
1100 614 1293 664 MAJUS.

705 700 800 753 (ΕΙ).
825 701 1046 753 Bnrnosss.)

118 788 149 817 1.
195 785 243 818 iii.
262 792 315 828 75.
362 787 496 820 ‘Potest
527 788 628 820 etiam
666 789 775 821 adhuc
805 789 870 822 hoc
908 789 997 821 idem
1034 790 1162 821 ostendi
1201 801 1258 832 per
1287 792 1503 833 proprietates
1538 793 1621 826 duas

75 837 340 880 Metaphysieae.
385 839 476 871 Nam
500 839 582 872 haec
607 841 744 873 scientia
771 846 820 873 est
847 841 888 873 de
913 841 980 873 illis
1006 852 1090 884 quae
1116 842 1270 874 omnibus
1293 844 1389 876 rebus
1415 850 1447 876 et
1476 845 1622 877 scientiis

74 890 282 929 conveniunt,
310 896 342 923 et
367 891 445 924 ideo
472 892 616 925 ostendit
642 903 815 925 numerum
843 893 1064 932 scientiarum,
1094 898 1126 925 et
1153 894 1243 936 quod
1269 900 1400 937 oportet
1425 906 1494 928 esse
1518 896 1619 928 aliam

73 942 247 974 scientiam
277 942 364 975 ultra
393 943 656 986 philosophiam,
687 944 780 984 cujus
810 946 1029 988 proprietates
1060 946 1168 986 tangit
1198 947 1232 977 in
1263 947 1449 987 universali,
1479 948 1557 981 licet
1587 949 1620 980 in

74 993 265 1036 particulari
280 1005 346 1026 non
362 996 468 1037 possit
484 1006 559 1027 eam
575 996 741 1038 assignare
757 1022 765 1029 .
783 1020 792 1029 .
811 1020 819 1028 .
836 996 844 1009 ’

118 1048 153 1078 2.
199 1047 234 1078 ii.
254 1056 269 1077 2
275 1047 326 1087 38.
375 1049 383 1064 ‘
396 1048 448 1079 De
465 1049 716 1081 immortalitate
731 1049 862 1081 animae
878 1049 911 1080 iu
929 1049 1162 1092 Metaphysica
1178 1055 1227 1082 est
1243 1050 1389 1082 tactum.’

119 1101 153 1130 3.
198 1098 232 1131 ii.
252 1108 326 1140 241.
373 1100 538 1142 ‘Oportet
565 1101 732 1134 Moralem
764 1101 1018 1144 Philosophiam
1048 1112 1169 1143 ponere
1199 1102 1365 1144 principia
1393 1108 1527 1145 propter
1556 1104 1621 1136 hoc

72 1151 164 1193 quod
180 1155 307 1183 tactum
322 1157 371 1184 est
386 1152 421 1184 in
438 1153 678 1196 Metaphysica.
723 1154 814 1185 Nam
829 1154 877 1185 ibi
893 1155 927 1185 in
950 1154 1135 1194 universali,
1153 1154 1209 1186 hic
1229 1155 1262 1186 in
1286 1155 1476 1196 particulari
1500 1156 1622 1189 habent

73 1204 139 1235 ista
153 1203 315 1237 tractare.'

118 1259 154 1288 4.
200 1257 233 1288 ii.
256 1267 329 1298 243.
375 1259 384 1275 ‘
397 1258 576 1290 Probatutn
594 1264 642 1291 est
658 1259 767 1301 ipsum
784 1258 944 1290 revelasse
968 1257 1042 1290 aliis
1062 1269 1163 1300 quam
1180 1259 1227 1291 eis
1242 1260 1298 1300 qui
1314 1259 1346 1291 in
1363 1258 1436 1301 lege
1452 1260 1551 1292 veteri
1569 1261 1621 1292 vel

74 1319 161 1340 nova
176 1309 246 1341 nati
261 1315 338 1341 sunt
353 1315 386 1342 et
401 1309 543 1351 educati,
561 1316 595 1343 ut
611 1311 644 1342 in
662 1311 697 1342 M
701 1311 901 1353 etaphysicis
917 1311 1019 1342 habet
1035 1310 1218 1343 declarari.‘

318 1433 616 1472 EXTRACTS
647 1433 808 1472 FROM
838 1432 1039 1471 GREEK
1067 1431 1376 1471 GRAMMAR.

701 1519 799 1573 (ΕΙ).
824 1520 1010 1573 NOLAN.)

71 1623 75 1627 ·
120 1610 154 1640 5.
202 1619 234 1650 p.
255 1610 307 1650 58.
356 1609 364 1625 ‘
375 1609 526 1641 Preterea
542 1609 627 1640 nulli
643 1609 786 1651 sapienti
802 1609 941 1640 dubium
958 1613 1007 1641 est
1022 1608 1101 1650 quin
1118 1608 1185 1640 fere
1201 1609 1313 1640 omnia
1337 1620 1399 1651 que
1418 1609 1569 1641 dicuntur
1590 1612 1623 1641 in

76 1660 238 1693 divisione
253 1661 466 1693 scienciarum
482 1667 514 1694 et
530 1662 571 1693 de
585 1663 801 1703 generacione
817 1666 850 1693 et
865 1666 1032 1703 potestate
1047 1666 1079 1693 et
1095 1661 1352 1703 proprietatibus
1365 1661 1545 1693 litterarum
1559 1663 1623 1694 sint

76 1717 133 1744 aut
149 1713 234 1745 falsa
249 1718 306 1746 aut
322 1714 435 1746 inania
457 1719 513 1746 aut
536 1715 688 1746 absurda.
736 1714 778 1746 Et
798 1714 862 1745 hoe
885 1725 925 1746 ex
948 1718 1091 1745 tractatu
1115 1724 1190 1746 meo
1211 1713 1470 1756 Methaphisico‚
1494 1720 1527 1746 et
1548 1714 1623 1746 aliis

77 1767 270 1798 tractatibus
287 1767 565 1808 distinguentibus
581 1767 741 1798 sciencias
758 1766 889 1808 planius
905 1766 1083 1798 elucescit.’

121 1821 157 1851 6.
209 1830 244 1861 p.
264 1821 316 1860 58.
364 1820 372 1835 ‘
385 1820 429 1850 Et
451 1819 544 1851 nulla
563 1819 677 1861 lingua
698 1819 810 1861 plures
834 1819 999 1862 [vocales]
1022 1819 1123 1850 habet
1138 1829 1198 1851 nec
1215 1823 1325 1860 potest
1341 1818 1473 1857 habere,
1489 1819 1574 1850 sieut
1591 1819 1623 1850 in

78 1871 334 1914 Methaphisieis
350 1872 432 1904 meis
447 1871 553 1904 lector
568 1877 680 1914 potest
696 1870 859 1914 reperire.'

114 1985 412 2025 EXTRACTS
444 1986 606 2026 FROM
636 1986 759 2023 THE
788 1984 1112 2024 COMMUNIA
1143 1984 1589 2023 MATHEMATICA.

619 2074 723 2125 (MS.
747 2074 930 2120 SLOANE,
955 2071 1091 2123 2156.)

122 2165 156 2196 7.
202 2161 224 2194 f.
245 2168 283 2203 72
301 2172 322 2193 a
342 2171 369 2193 1.
413 2161 558 2194 Necesse
574 2166 623 2193 est
639 2161 731 2193 omni
748 2159 902 2192 tractanti
919 2160 959 2191 de
975 2159 1116 2191 sciencia
1131 2169 1326 2200 quacunque
1346 2158 1483 2200 speciali
1499 2164 1534 2190 ut
1550 2169 1624 2191 eam

78 2214 162 2246 alias
184 2224 266 2256 eque
289 2213 399 2256 sepius
422 2219 592 2256 comparet
616 2213 660 2245 ad
686 2213 861 2245 scienciam
889 2222 1097 2244 communem
1121 2211 1273 2242 omnibus
1297 2221 1360 2252 que
1383 2210 1625 2252 methaphisica

78 2267 266 2298 nominatur
282 2266 371 2307 cujus
387 2267 559 2309 proprium
579 2272 628 2298 est
650 2266 729 2298 dare
751 2265 946 2297 divisionem
970 2264 1119 2295 omnium
1140 2263 1355 2294 scienciarum
1375 2273 1569 2304 magnarum
1592 2268 1625 2294 et

78 2319 305 2351 differenciam
321 2325 353 2351 et
370 2320 533 2361 originem
550 2324 582 2351 et
598 2319 679 2361 quid
695 2324 743 2350 est
759 2317 930 2360 proprium
947 2317 1080 2348 cuilibet
1096 2321 1128 2346 et
1145 2316 1291 2346 ordinem
1308 2315 1441 2345 illarum
1459 2315 1625 2357 assignare

79 2375 111 2401 et
132 2369 206 2411 quis
225 2379 280 2401 eas
303 2369 428 2401 invenit
443 2374 476 2401 et
499 2369 632 2411 quando
655 2369 786 2400 invente
810 2373 883 2399 sunt
903 2371 935 2398 et
959 2366 1026 2404 ubi,
1057 2371 1089 2397 et
1109 2364 1275 2397 verificare
1294 2364 1460 2406 principia
1480 2364 1624 2396 illarum.

79 2419 123 2450 Et
139 2419 247 2450 omnis
264 2419 406 2451 sciencia
421 2419 575 2462 specialis
591 2418 749 2461 supponit
766 2428 825 2449 sua
841 2417 1003 2459 principia
1020 2426 1102 2456 esse,
1118 2421 1148 2447 et
1165 2426 1231 2446 non
1247 2420 1357 2457 potest
1373 2426 1414 2447 ex
1429 2425 1488 2446 sua
1507 2415 1625 2446 virtute

79 2472 216 2514 propria
238 2472 436 2513 investigare
460 2471 531 2511 illa,
552 2477 588 2503 ut
604 2470 796 2503 Aristotiles
818 2470 927 2508 docet,
951 2475 984 2500 et
1007 2468 1072 2500 hoc
1095 2467 1301 2499 manifestavi
1322 2468 1356 2498 in
1379 2467 1626 2509 Methaphisica

79 2526 164 2555 mea.
210 2523 381 2564 Similiter,
404 2535 464 2556 nec
487 2528 597 2556 cetera
617 2534 680 2565 que
702 2522 872 2555 numeravi
896 2522 992 2553 aliter
1014 2520 1181 2552 nominavi
1205 2525 1315 2562 potest
1336 2519 1449 2562 aliqua
1471 2519 1626 2560 specialis

80 2576 223 2609 sciencia
238 2576 364 2616 docere,
381 2577 459 2618 quia
475 2577 663 2608 communia
679 2580 754 2607 sunt
775 2580 807 2607 et
826 2573 992 2616 generalia
1010 2573 1164 2605 omnibus
1184 2572 1334 2604 scienciis
1356 2571 1624 2613 particularibus,

80 2633 217 2670 propter
230 2629 321 2671 quod
337 2634 539 2661 reservantur
554 2628 722 2660 communi
738 2628 877 2660 sciencie
898 2625 989 2666 cujus
1009 2625 1179 2667 proprium
1200 2630 1250 2656 est
1270 2624 1411 2656 formare
1431 2629 1464 2655 et
1486 2623 1625 2664 figurare

81 2680 166 2712 alias
181 2681 340 2713 sciencias
355 2692 470 2713 omnes
486 2686 519 2713 et
540 2681 709 2713 ostendere
729 2679 870 2722 qualiter
891 2679 960 2710 fieri
984 2679 1078 2709 aliter
1098 2678 1174 2709 sciri
1195 2677 1339 2708 debeant
1357 2681 1389 2707 et
1412 2675 1532 2707 doceri.
1581 2675 1625 2706 Et

81 2734 238 2775 quoniam
265 2732 367 2765 horno
393 2733 506 2766 multis
533 2733 642 2764 modis
668 2738 752 2765 errat
781 2738 815 2764 et
845 2731 986 2773 quedam
1019 2735 1093 2762 sunt
1123 2740 1219 2761 cause
1250 2727 1450 2760 universales
1479 2737 1624 2760 errorum

83 2786 301 2817 humanorum
319 2786 438 2827 quibus
453 2786 654 2828 impedimur
670 2784 770 2816 nimis
785 2786 818 2816 in
836 2784 927 2815 omni
944 2783 1085 2815 sciencia
1100 2787 1132 2814 et
1155 2782 1222 2814 vita
1244 2786 1276 2813 et
1299 2780 1452 2822 negocio,
1468 2779 1543 2811 ideo
1565 2779 1625 2811 hec

83 2838 226 2870 sciencia
248 2838 442 2870 universalis
465 2849 521 2870 eas
541 2838 702 2880 precurrit
724 2843 760 2869 ut
783 2837 816 2868 in
841 2836 994 2868 omnibus
1018 2834 1270 2876 particularibus
1290 2833 1439 2865 scienciis
1457 2832 1624 2864 evitentur.
