1904 3171
141 1353 265 1386 40a2.

1042 107 1068 146 8

283 235 504 264 summam
536 222 766 264 indivisam
798 222 1042 265 trinitatem
1077 237 1164 264 non
1195 223 1337 265 solum
1371 224 1432 264 ita
1469 223 1585 266 credi
1618 228 1819 277 oportere

285 292 446 341 docuit,
480 299 546 334 set
581 292 641 333 ita
678 305 773 334 esse
805 293 1050 334 racionibus
1086 293 1216 335 certis
1252 294 1451 335 convicit.
1526 293 1680 346 Atque
1713 291 1817 332 Ari-

285 361 454 404 stotiles
476 362 581 405 dicit
597 361 632 402 ¹:
667 364 676 382 ⁶
695 361 775 403 Per
796 362 911 403 hunc
935 375 1165 403 numerum
1188 362 1413 404 trinarium
1436 363 1717 404 adhibuimus
1738 374 1820 402 nos

285 430 566 486 magnificare
589 431 736 473 Deum
759 445 893 472 unum
919 430 1173 473 Creatorem
1197 432 1462 475 eminentem
1481 431 1822 488 proprietatibus

284 513 435 541 eorum
476 514 561 554 que
602 507 704 542 sunt
749 497 920 541 creata.'
984 500 1044 541 Et
1086 501 1184 542 ideo
1225 515 1304 555 per
1347 502 1431 543 hoc
1473 498 1665 543 ostendit
1706 501 1822 541 hunc

285 583 515 610 numerum
537 570 766 610 trinarium
792 583 868 610 seu
892 570 1133 611 trinitatem
1155 585 1249 611 esse
1271 570 1314 611 in
1327 562 1447 612 omni
1467 586 1522 613 re.
1586 571 1665 613 Set
1679 571 1821 625 primo

284 639 328 679 in
357 639 563 680 Creatore
585 646 651 681 est
672 639 753 680 hec
776 639 960 690 trinitas,
982 646 1025 681 et
1047 641 1102 681 ad
1127 640 1421 682 imitacionem
1448 641 1541 695 ejus
1557 642 1601 682 in
1615 641 1822 683 omnibus

281 709 377 750 aliis
401 708 582 762 quidam
612 709 815 751 trinarius
844 709 1068 763 reperitur.
1133 709 1193 751 Et
1226 723 1326 750 cum
1359 710 1611 752 Aristotiles
1641 710 1821 765 perfecit

281 777 607 833 philosophiam
642 778 811 832 plenius
845 785 888 820 et
923 778 1052 833 longe
1083 778 1219 820 alcius
1253 780 1401 831 sensit,
1437 780 1473 821 si
1511 779 1636 822 Plato
1671 793 1819 821 veram

281 861 564 903 personarum
610 848 855 890 trinitatem
901 849 1108 900 ostendit,
1155 849 1296 891 multo
1348 848 1506 891 sorcius
1551 849 1821 891 Aristotiles.

284 915 560 958 Aviscenni2
603 917 742 959 eciam
791 918 848 959 de
898 917 1065 971 Spiritu
1110 918 1275 960 Sancto
1316 920 1500 960 verbum
1540 919 1656 972 facit,
1698 918 1822 972 cujus

282 986 421 1040 gloria
452 987 595 1027 minus
627 992 732 1029 nota
763 987 846 1029 fuit
877 989 1017 1029 eciam
1047 987 1265 1044 fidelibus,
1285 990 1396 1030 sicut
1422 995 1547 1043 patet
1576 989 1631 1030 de
1658 988 1822 1038 Grecis,

283 1070 417 1110 quam
455 1056 596 1098 Patris
633 1063 677 1098 et
711 1057 821 1098 Filii.
884 1058 1069 1099 Ethicus
1105 1059 1238 1100 etiam
1275 1059 1565 1113 philosophus
1608 1058 1821 1112 Spiritum

282 1125 498 1168 Sanctum
528 1126 632 1168 dicit
661 1141 767 1177 esse,
790 1133 839 1169 ut
866 1142 923 1169 ex
945 1128 1058 1169 libro
1082 1128 1151 1169 De
1177 1127 1511 1182 cosmographia
1532 1135 1667 1182 patet,
1688 1128 1820 1182 quem

283 1196 480 1238 mixtura
523 1196 700 1238 Ebraici
742 1199 956 1239 sermonis
998 1205 1041 1239 et
1083 1199 1212 1241 Greci
1254 1206 1299 1241 et
1335 1200 1498 1254 pariter
1536 1199 1685 1240 Latini
1719 1211 1823 1239 con-

282 1267 464 1321 scripsit.
528 1267 589 1308 Et
617 1267 701 1309 hoc
730 1267 887 1310 beatus
916 1268 1201 1310 Hieronimus
1234 1275 1278 1311 et
1309 1270 1381 1310 alii
1412 1276 1631 1311 testantur
1652 1281 1822 1310 necnon

283 1337 468 1378 verbum
509 1337 658 1391 patriS,
699 1344 743 1380 et
784 1345 966 1392 patrem,
994 1338 999 1393 Ι
1027 1339 1138 1381 sicut
1179 1339 1384 1394 deinceps
1425 1339 1564 1393 magis
1606 1352 1686 1380 suo
1728 1338 1824 1379 loco

283 1412 502 1461 tangetur.
572 1406 633 1449 Et
664 1407 852 1461 probant
884 1422 1019 1449 unum
1052 1409 1183 1449 deum
1218 1422 1311 1450 esse
1344 1408 1514 1450 infinite
1545 1408 1748 1457 essencie‚
1779 1412 1823 1448 et

283 1475 450 1518 infinite
480 1477 695 1531 potencie,
726 1484 770 1518 et
798 1477 965 1519 infinite
993 1479 1223 1532 sapiencie,
1253 1485 1296 1520 et
1328 1478 1495 1520 infinite
1525 1478 1746 1527 bonitatis,
1779 1484 1824 1519 et

283 1546 367 1588 hoc
393 1560 489 1588 esse
513 1560 647 1587 unum
675 1552 718 1588 et
744 1547 875 1589 idem.
939 1548 1057 1602 Quia
1087 1550 1237 1591 dicunt
1267 1549 1386 1603 quod
1415 1549 1458 1589 in
1489 1549 1585 1590 Deo
1612 1547 1734 1589 nulla
1756 1554 1824 1589 est

283 1616 550 1670 composicio
572 1630 716 1670 neque
737 1616 987 1659 differencie
1008 1632 1150 1672 neque
1167 1619 1415 1661 accidentis.
1479 1619 1539 1660 Et
1555 1619 1611 1660 de
1627 1618 1824 1659 Domino

282 1686 387 1739 Jesu
415 1684 591 1728 Christo
615 1687 755 1728 multa
777 1687 971 1741 preclare
998 1696 1186 1730 narrant.

340 1756 612 1797 Albumasar
643 1757 758 1798 enim
792 1757 835 1797 in
871 1757 1019 1799 multis
1054 1758 1159 1801 locis
1196 1760 1251 1800 de
1290 1759 1359 1800 Eo
1392 1759 1599 1812 loquitur,
1631 1758 1747 1799 unde
1780 1756 1824 1796 in

282 1832 468 1880 utraque
497 1825 791 1868 translacione
819 1827 1014 1882 Majorz's
1034 1829 1351 1871 Introductoriz‘
1381 1829 1425 1870 2'72
1448 1827 1826 1878 Astmnomzmffl,

326 1971 338 1990 ²
362 1971 430 2003 See
450 1970 489 2002 Ο.
509 1970 558 2004 M.
582 1972 614 2003 ii.
634 1981 699 2012 230
723 1972 776 2003 for
796 1974 941 2005 another
957 1974 1044 2006 form
1061 1976 1099 2006 of
1121 1975 1189 2007 this
1210 1974 1406 2015 quotation:
1432 1974 1484 2005 De
1500 1973 1572 2006 Celo
1595 1978 1625 2005 et
1636 1973 1778 2014 Mundo,
1800 1975 1821 2006 i.

281 2035 312 2056 2.
359 2023 523 2056 Arab-lat.
550 2025 688 2056 version
715 2025 817 2066 (Ven.
845 2027 958 2067 1495),
986 2027 1007 2059 f.
1033 2029 1093 2067 187
1117 2028 1137 2058 b
1165 2039 1178 2059 1
1209 2028 1273 2059 ‘Et
1296 2028 1484 2059 secundum
1514 2028 1614 2059 istum
1643 2037 1823 2058 numerum

281 2082 439 2109 tenemur
452 2077 673 2117 magnificare
687 2078 798 2109 Deum
812 2078 1012 2111 Creatorem
1026 2085 1192 2112 remotum
1210 2092 1229 2112 a
1246 2080 1354 2111 modis
1366 2079 1616 2111 creaturarum!
1651 2079 1825 2111 Averroes

281 2131 367 2161 adds
383 2139 420 2161 as
437 2133 608 2160 comment
627 2130 682 2160 ‘in
701 2130 921 2163 oracionibus
938 2137 972 2163 et
989 2133 1178 2171 sacrificiis,
1195 2143 1272 2164 nam
1289 2133 1403 2164 omnia
1421 2132 1486 2163 ista
1508 2143 1577 2164 non
1595 2132 1681 2163 fiunt
1699 2132 1764 2164 nisi
1782 2133 1825 2164 ad

282 2182 567 2223 magnificandum
585 2183 805 2216 Creatorem!

326 2235 338 2253 ²
365 2235 424 2265 ‘In
442 2235 613 2266 radicibus
633 2235 771 2267 Moralis
790 2236 1041 2277 Philosophie,
1061 2238 1100 2269 O.
1119 2238 1166 2269 M.
1190 2238 1224 2269 ii.
1243 2248 1318 2277 231.

326 2287 339 2305 3
361 2287 504 2318 ‘Oritur
529 2287 563 2318 in
590 2288 700 2328 primo
726 2289 798 2327 ejus
825 2290 956 2321 decano
990 2295 1026 2322 ut
1058 2291 1176 2329 Perse,
1210 2291 1342 2330 Caldei‚
1369 2295 1403 2322 et
1432 2290 1570 2330 Egyptii
1602 2291 1820 2331 omniumque

283 2341 424 2371 duorum
438 2339 586 2371 Hermes
598 2345 632 2371 et
642 2340 811 2374 Ascalius.
850 2341 882 2372 A
894 2343 1047 2382 primeva
1060 2348 1151 2374 etate
1163 2344 1303 2374 docent:
1323 2343 1436 2383 puella
1449 2344 1502 2374 cui
1513 2342 1682 2383 persicum
1696 2353 1823 2375 nomen

284 2392 507 2433 Secdenidos,
528 2392 571 2423 de
587 2393 756 2434 darcama,
773 2394 908 2426 arabice
925 2395 1186 2436 interpretatum
1202 2397 1243 2427 ad
1261 2406 1297 2427 re
1314 2395 1449 2434 nedesa,
1463 2396 1562 2435 idest,
1576 2396 1671 2435 virgo
1687 2396 1824 2437 munda,

282 2444 397 2486 puella
418 2444 508 2484 dico,
533 2444 630 2484 virgo
651 2445 873 2485 immaculata,
896 2458 1039 2489 corpore
1067 2449 1202 2488 decora,
1227 2449 1319 2480 vultu
1338 2454 1494 2487 venusta,
1513 2447 1629 2479 habitu
1658 2449 1824 2487 modesta,

285 2498 380 2529 crine
408 2496 553 2537 prolixo,
578 2507 677 2527 manu
701 2498 855 2538 geminas
879 2500 999 2532 aristas
1021 2505 1144 2531 tenens
1171 2511 1274 2541 supra
1301 2500 1422 2532 solium
1448 2501 1620 2532 auleatum
1647 2501 1825 2532 residens:

285 2559 426 2591 puerum
442 2549 599 2580 nutriens
614 2560 653 2580 ac
665 2550 742 2588 jure
757 2561 903 2590 pascens
914 2553 948 2583 in
969 2553 1044 2584 loco
1056 2553 1108 2584 cui
1124 2564 1247 2584 nornen
1262 2554 1401 2584 Hebrea
1414 2563 1555 2593 puerum
1568 2554 1645 2584 dieb
1656 2564 1675 2584 a
1688 2553 1826 2594 quibus·

284 2603 361 2634 dam
385 2601 581 2633 nationibus
605 2602 816 2634 nominatum
836 2604 973 2636 Ihesum
995 2605 1268 2645 significantibus
1291 2607 1372 2646 eica,
1393 2617 1494 2646 quem
1513 2616 1578 2637 nos
1600 2606 1711 2637 Grece
1729 2605 1825 2637 Chri-

283 2659 375 2685 stum
387 2652 553 2685 dicimus?
598 2653 884 2687 Introductorium
898 2657 954 2689 lib.
970 2659 1012 2690 vi.
1028 2658 1049 2690 f.
1066 2670 1095 2697 4.
1110 2669 1164 2697 vo,
1177 2658 1306 2690 Venice
1323 2661 1418 2698 1506.
1462 2658 1530 2690 See
1546 2658 1700 2698 Brewer,
1718 2668 1750 2698 p.
1770 2669 1823 2698 49.

283 2706 353 2737 See
384 2706 456 2738 also
485 2706 648 2738 Albertus
681 2707 835 2748 Magnus,
863 2709 954 2750 Spcc.
986 2710 1137 2750 Astron„
1165 2722 1237 2751 cap.
1269 2711 1313 2749 xi,
1344 2711 1397 2741 sor
1424 2711 1570 2742 another
1594 2710 1680 2741 form
1705 2710 1745 2741 of
1765 2711 1824 2741 the

283 2757 468 2798 quotation.
517 2759 591 2790 The
607 2759 700 2791 close
716 2763 1012 2801 correspondence
1029 2763 1068 2794 os
1080 2764 1147 2794 this
1167 2768 1252 2794 tract
1269 2763 1352 2794 with
1369 2768 1464 2803 parts
1489 2763 1527 2794 os
1547 2763 1662 2794 Bacon
1686 2763 1767 2794 tend
1789 2767 1825 2794 to

284 2810 444 2842 establish
470 2811 528 2843 the
551 2812 780 2854 authenticity
803 2814 842 2845 of
860 2814 904 2845 its
924 2816 1122 2847 attribution
1152 2820 1185 2847 to
1213 2815 1386 2847 Albertus.
1418 2819 1425 2833 ‘
1443 2815 1623 2847 Celcehius
1650 2814 1826 2855 dorastal,’
