<?xml version="1.0" encoding="UTF-8"?>
<!DOCTYPE html PUBLIC "-//W3C//DTD XHTML 1.0 Transitional//EN"
    "http://www.w3.org/TR/xhtml1/DTD/xhtml1-transitional.dtd">
<html xmlns="http://www.w3.org/1999/xhtml" xml:lang="en" lang="en">
 <head>
  <title>
</title>
<meta http-equiv="Content-Type" content="text/html;charset=utf-8" />
  <meta name='ocr-system' content='tesseract 3.04.00' />
  <meta name='ocr-capabilities' content='ocr_page ocr_carea ocr_par ocr_line ocrx_word'/>
</head>
<body>
  <div class='ocr_page' id='page_1' title='image "./operahactenusine01baco_0058.png"; bbox 0 0 1904 3171; ppageno 0'>
   <div class='ocr_carea' id='block_1_1' title="bbox 121 1309 245 1340">
    <p class='ocr_par' dir='ltr' id='par_1_1' title="bbox 121 1309 245 1340">
     <span class='ocr_line' id='line_1_1' title="bbox 121 1309 245 1340; baseline 0 -10"><span class='ocrx_word' id='word_1_1' title='bbox 121 1309 245 1340; x_wconf 83' lang='lat' dir='ltr'><strong>31a2.</strong></span> 
     </span>
    </p>
   </div>
   <div class='ocr_carea' id='block_1_2' title="bbox 1009 133 1064 172">
    <p class='ocr_par' dir='ltr' id='par_1_2' title="bbox 1009 133 1064 172">
     <span class='ocr_line' id='line_1_2' title="bbox 1009 133 1064 172; baseline 0 0"><span class='ocrx_word' id='word_1_2' title='bbox 1009 133 1064 172; x_wconf 87' lang='lat'><strong>44</strong></span> 
     </span>
    </p>
   </div>
   <div class='ocr_carea' id='block_1_3' title="bbox 258 236 1814 2820">
    <p class='ocr_par' dir='ltr' id='par_1_3' title="bbox 258 236 1814 1062">
     <span class='ocr_line' id='line_1_3' title="bbox 262 236 1810 292; baseline 0.001 -15"><span class='ocrx_word' id='word_1_3' title='bbox 262 236 380 290; x_wconf 91' lang='lat' dir='ltr'><strong>prior</strong></span> <span class='ocrx_word' id='word_1_4' title='bbox 403 236 447 277; x_wconf 89' lang='lat' dir='ltr'><strong>in</strong></span> <span class='ocrx_word' id='word_1_5' title='bbox 481 236 604 278; x_wconf 86' lang='lat' dir='ltr'><strong>exitu</strong></span> <span class='ocrx_word' id='word_1_6' title='bbox 634 236 912 291; x_wconf 90' lang='lat' dir='ltr'><strong>planetarum</strong></span> <span class='ocrx_word' id='word_1_7' title='bbox 939 244 983 279; x_wconf 90' lang='lat' dir='ltr'><strong>et</strong></span> <span class='ocrx_word' id='word_1_8' title='bbox 1015 237 1168 280; x_wconf 89' lang='lat' dir='ltr'><strong>ordine</strong></span> <span class='ocrx_word' id='word_1_9' title='bbox 1190 237 1343 280; x_wconf 88' lang='lat' dir='ltr'><strong>inesse.</strong></span> <span class='ocrx_word' id='word_1_10' title='bbox 1407 237 1469 280; x_wconf 88' lang='lat' dir='ltr'><strong>Et</strong></span> <span class='ocrx_word' id='word_1_11' title='bbox 1491 238 1632 292; x_wconf 82' lang='lat' dir='ltr'>ipsam</span> <span class='ocrx_word' id='word_1_12' title='bbox 1657 251 1810 279; x_wconf 91' lang='lat' dir='ltr'><strong>omnes</strong></span> 
     </span>
     <span class='ocr_line' id='line_1_4' title="bbox 262 307 1811 362; baseline 0.001 -14"><span class='ocrx_word' id='word_1_13' title='bbox 262 307 544 356; x_wconf 86' lang='lat' dir='ltr'><strong>confitentur,</strong></span> <span class='ocrx_word' id='word_1_14' title='bbox 566 313 609 348; x_wconf 90' lang='lat' dir='ltr'><strong>et</strong></span> <span class='ocrx_word' id='word_1_15' title='bbox 632 308 726 361; x_wconf 89' lang='lat' dir='ltr'><strong>ipsa</strong></span> <span class='ocrx_word' id='word_1_16' title='bbox 749 308 914 349; x_wconf 90' lang='lat' dir='ltr'><strong>nullam</strong></span> <span class='ocrx_word' id='word_1_17' title='bbox 937 307 1083 358; x_wconf 88' lang='lat' dir='ltr'><strong>aliam,</strong></span> <span class='ocrx_word' id='word_1_18' title='bbox 1106 308 1219 349; x_wconf 84' lang='lat' dir='ltr'><strong>sicut</strong></span> <span class='ocrx_word' id='word_1_19' title='bbox 1242 307 1434 350; x_wconf 83' lang='lat' dir='ltr'><strong>Saturno</strong></span> <span class='ocrx_word' id='word_1_20' title='bbox 1456 321 1610 350; x_wconf 89' lang='lat' dir='ltr'><strong>omnes</strong></span> <span class='ocrx_word' id='word_1_21' title='bbox 1632 307 1811 362; x_wconf 89' lang='lat' dir='ltr'><strong>planete</strong></span> 
     </span>
     <span class='ocr_line' id='line_1_5' title="bbox 262 377 1809 432; baseline 0.001 -14"><span class='ocrx_word' id='word_1_22' title='bbox 262 377 620 431; x_wconf 90' lang='lat' dir='ltr'><strong>complectuntur</strong></span> <span class='ocrx_word' id='word_1_23' title='bbox 650 383 694 418; x_wconf 90' lang='lat' dir='ltr'><strong>et</strong></span> <span class='ocrx_word' id='word_1_24' title='bbox 725 378 818 432; x_wconf 88' lang='lat' dir='ltr'><strong>ipse</strong></span> <span class='ocrx_word' id='word_1_25' title='bbox 848 377 1032 428; x_wconf 88' lang='lat' dir='ltr'><strong>nullum,</strong></span> <span class='ocrx_word' id='word_1_26' title='bbox 1054 384 1237 432; x_wconf 90' lang='lat' dir='ltr'><strong>propter</strong></span> <span class='ocrx_word' id='word_1_27' title='bbox 1265 378 1523 420; x_wconf 83' lang='lat' dir='ltr'><strong>tarditatem</strong></span> <span class='ocrx_word' id='word_1_28' title='bbox 1552 378 1618 420; x_wconf 89' lang='lat' dir='ltr'><strong>sui</strong></span> <span class='ocrx_word' id='word_1_29' title='bbox 1650 385 1809 420; x_wconf 91' lang='lat' dir='ltr'><strong>motus.</strong></span> 
     </span>
     <span class='ocr_line' id='line_1_6' title="bbox 263 447 1810 503; baseline 0 -15"><span class='ocrx_word' id='word_1_30' title='bbox 263 447 381 501; x_wconf 80' lang='lat' dir='ltr'><strong>Quia</strong></span> <span class='ocrx_word' id='word_1_31' title='bbox 422 449 601 502; x_wconf 90' lang='lat' dir='ltr'><strong>quando</strong></span> <span class='ocrx_word' id='word_1_32' title='bbox 633 448 814 501; x_wconf 91' lang='lat' dir='ltr'><strong>planeta</strong></span> <span class='ocrx_word' id='word_1_33' title='bbox 857 453 923 488; x_wconf 90' lang='lat' dir='ltr'><strong>est</strong></span> <span class='ocrx_word' id='word_1_34' title='bbox 954 454 1057 488; x_wconf 90' lang='lat' dir='ltr'><strong>ante</strong></span> <span class='ocrx_word' id='word_1_35' title='bbox 1089 462 1191 489; x_wconf 87' lang='lat' dir='ltr'><strong>eum</strong></span> <span class='ocrx_word' id='word_1_36' title='bbox 1234 449 1291 490; x_wconf 89' lang='lat' dir='ltr'><strong>ad</strong></span> <span class='ocrx_word' id='word_1_37' title='bbox 1324 448 1551 499; x_wconf 75' lang='lat' dir='ltr'><strong>orientem,</strong></span> <span class='ocrx_word' id='word_1_38' title='bbox 1582 461 1810 503; x_wconf 90' lang='lat' dir='ltr'><strong>nunquam</strong></span> 
     </span>
     <span class='ocr_line' id='line_1_7' title="bbox 263 517 1814 571; baseline 0.001 -12"><span class='ocrx_word' id='word_1_39' title='bbox 263 517 357 571; x_wconf 88' lang='lat' dir='ltr'><strong>ipse</strong></span> <span class='ocrx_word' id='word_1_40' title='bbox 393 517 613 559; x_wconf 86' lang='lat' dir='ltr'><strong>Saturnus</strong></span> <span class='ocrx_word' id='word_1_41' title='bbox 643 517 929 571; x_wconf 86' lang='lat' dir='ltr'><strong>consequitur</strong></span> <span class='ocrx_word' id='word_1_42' title='bbox 959 517 1169 571; x_wconf 79' lang='lat' dir='ltr'><strong>aliquem,</strong></span> <span class='ocrx_word' id='word_1_43' title='bbox 1204 523 1271 558; x_wconf 89' lang='lat' dir='ltr'><strong>set</strong></span> <span class='ocrx_word' id='word_1_44' title='bbox 1300 518 1343 558; x_wconf 92' lang='lat' dir='ltr'><strong>in</strong></span> <span class='ocrx_word' id='word_1_45' title='bbox 1377 518 1814 560; x_wconf 72' lang='lat' dir='ltr'><strong>tantuminvalescit</strong></span> 
     </span>
     <span class='ocr_line' id='line_1_8' title="bbox 262 588 1810 642; baseline 0.001 -13"><span class='ocrx_word' id='word_1_46' title='bbox 262 588 374 629; x_wconf 93' lang='lat' dir='ltr'><strong>alius</strong></span> <span class='ocrx_word' id='word_1_47' title='bbox 406 588 612 642; x_wconf 81' lang='lat' dir='ltr'><strong>planeta3</strong></span> <span class='ocrx_word' id='word_1_48' title='bbox 646 588 767 641; x_wconf 90' lang='lat' dir='ltr'><strong>quod</strong></span> <span class='ocrx_word' id='word_1_49' title='bbox 795 588 1079 641; x_wconf 85' lang='lat' dir='ltr'><strong>consequitur</strong></span> <span class='ocrx_word' id='word_1_50' title='bbox 1105 588 1345 642; x_wconf 89' lang='lat' dir='ltr'><strong>aliquando</strong></span> <span class='ocrx_word' id='word_1_51' title='bbox 1373 588 1612 630; x_wconf 84' lang='lat' dir='ltr'><strong>Saturnum</strong></span> <span class='ocrx_word' id='word_1_52' title='bbox 1642 595 1686 630; x_wconf 89' lang='lat' dir='ltr'><strong>et</strong></span> <span class='ocrx_word' id='word_1_53' title='bbox 1708 601 1810 630; x_wconf 90' lang='lat' dir='ltr'><strong>con-</strong></span> 
     </span>
     <span class='ocr_line' id='line_1_9' title="bbox 258 656 1809 712; baseline 0.002 -15"><span class='ocrx_word' id='word_1_54' title='bbox 258 656 458 712; x_wconf 85' lang='lat' dir='ltr'><strong>jungitur</strong></span> <span class='ocrx_word' id='word_1_55' title='bbox 490 658 541 698; x_wconf 90' lang='lat' dir='ltr'><strong>ei.</strong></span> <span class='ocrx_word' id='word_1_56' title='bbox 607 657 775 699; x_wconf 82' lang='lat' dir='ltr'><strong>Omnes</strong></span> <span class='ocrx_word' id='word_1_57' title='bbox 812 657 992 711; x_wconf 87' lang='lat' dir='ltr'><strong>quidem</strong></span> <span class='ocrx_word' id='word_1_58' title='bbox 1027 663 1146 699; x_wconf 91' lang='lat' dir='ltr'><strong>secte</strong></span> <span class='ocrx_word' id='word_1_59' title='bbox 1187 658 1431 712; x_wconf 89' lang='lat' dir='ltr'><strong>appodiant</strong></span> <span class='ocrx_word' id='word_1_60' title='bbox 1467 672 1515 699; x_wconf 91' lang='lat' dir='ltr'><strong>se</strong></span> <span class='ocrx_word' id='word_1_61' title='bbox 1547 659 1605 700; x_wconf 88' lang='lat' dir='ltr'><strong>ad</strong></span> <span class='ocrx_word' id='word_1_62' title='bbox 1642 666 1809 700; x_wconf 89' lang='lat' dir='ltr'><strong>sectam</strong></span> 
     </span>
     <span class='ocr_line' id='line_1_10' title="bbox 262 726 1812 782; baseline 0.001 -15"><span class='ocrx_word' id='word_1_63' title='bbox 262 728 520 781; x_wconf 87' lang='lat' dir='ltr'><strong>Judeorum‚</strong></span> <span class='ocrx_word' id='word_1_64' title='bbox 543 727 649 780; x_wconf 92' lang='lat' dir='ltr'><strong>quia</strong></span> <span class='ocrx_word' id='word_1_65' title='bbox 680 727 762 769; x_wconf 85' lang='lat' dir='ltr'><strong>hec</strong></span> <span class='ocrx_word' id='word_1_66' title='bbox 794 726 876 768; x_wconf 88' lang='lat' dir='ltr'><strong>fuit</strong></span> <span class='ocrx_word' id='word_1_67' title='bbox 909 728 1054 782; x_wconf 90' lang='lat' dir='ltr'><strong>prima</strong></span> <span class='ocrx_word' id='word_1_68' title='bbox 1086 734 1129 769; x_wconf 90' lang='lat' dir='ltr'><strong>et</strong></span> <span class='ocrx_word' id='word_1_69' title='bbox 1161 735 1227 770; x_wconf 92' lang='lat' dir='ltr'><strong>est</strong></span> <span class='ocrx_word' id='word_1_70' title='bbox 1260 729 1391 770; x_wconf 81' lang='lat' dir='ltr'><strong>radix</strong></span> <span class='ocrx_word' id='word_1_71' title='bbox 1431 728 1630 779; x_wconf 88' lang='lat' dir='ltr'><strong>aliarum,</strong></span> <span class='ocrx_word' id='word_1_72' title='bbox 1665 743 1691 770; x_wconf 90' lang='lat' dir='ltr'><strong>a</strong></span> <span class='ocrx_word' id='word_1_73' title='bbox 1723 743 1812 782; x_wconf 90' lang='lat' dir='ltr'><strong>qua</strong></span> 
     </span>
     <span class='ocr_line' id='line_1_11' title="bbox 263 797 1812 851; baseline 0.001 -12"><span class='ocrx_word' id='word_1_74' title='bbox 263 811 419 839; x_wconf 89' lang='lat' dir='ltr'><strong>ornnes</strong></span> <span class='ocrx_word' id='word_1_75' title='bbox 445 797 626 851; x_wconf 82' lang='lat' dir='ltr'><strong>aliquod</strong></span> <span class='ocrx_word' id='word_1_76' title='bbox 649 811 788 851; x_wconf 83' lang='lat' dir='ltr'><strong>genus</strong></span> <span class='ocrx_word' id='word_1_77' title='bbox 810 797 1052 839; x_wconf 89' lang='lat' dir='ltr'><strong>testimonii</strong></span> <span class='ocrx_word' id='word_1_78' title='bbox 1079 804 1121 839; x_wconf 91' lang='lat' dir='ltr'><strong>et</strong></span> <span class='ocrx_word' id='word_1_79' title='bbox 1143 798 1479 840; x_wconf 91' lang='lat' dir='ltr'><strong>constitucionis</strong></span> <span class='ocrx_word' id='word_1_80' title='bbox 1501 806 1619 840; x_wconf 91' lang='lat' dir='ltr'><strong>secte</strong></span> <span class='ocrx_word' id='word_1_81' title='bbox 1645 799 1812 840; x_wconf 89' lang='lat' dir='ltr'><strong>habue-</strong></span> 
     </span>
     <span class='ocr_line' id='line_1_12' title="bbox 264 867 1812 922; baseline 0.001 -13"><span class='ocrx_word' id='word_1_82' title='bbox 264 874 393 909; x_wconf 87' lang='lat' dir='ltr'><strong>runt:</strong></span> <span class='ocrx_word' id='word_1_83' title='bbox 441 868 559 908; x_wconf 90' lang='lat' dir='ltr'><strong>unde</strong></span> <span class='ocrx_word' id='word_1_84' title='bbox 603 867 885 921; x_wconf 82' lang='lat' dir='ltr'><strong>philosophia</strong></span> <span class='ocrx_word' id='word_1_85' title='bbox 928 868 1097 922; x_wconf 86' lang='lat' dir='ltr'><strong>accepit</strong></span> <span class='ocrx_word' id='word_1_86' title='bbox 1130 869 1187 910; x_wconf 89' lang='lat' dir='ltr'><strong>ab</strong></span> <span class='ocrx_word' id='word_1_87' title='bbox 1225 882 1276 910; x_wconf 92' lang='lat' dir='ltr'><strong>ea</strong></span> <span class='ocrx_word' id='word_1_88' title='bbox 1309 868 1449 910; x_wconf 90' lang='lat' dir='ltr'><strong>multa</strong></span> <span class='ocrx_word' id='word_1_89' title='bbox 1480 869 1735 910; x_wconf 85' lang='lat' dir='ltr'><strong>testimonia</strong></span> <span class='ocrx_word' id='word_1_90' title='bbox 1767 875 1812 910; x_wconf 92' lang='lat' dir='ltr'><strong>et</strong></span> 
     </span>
     <span class='ocr_line' id='line_1_13' title="bbox 265 937 1811 994; baseline 0.001 -16"><span class='ocrx_word' id='word_1_91' title='bbox 265 937 430 979; x_wconf 90' lang='lat' dir='ltr'><strong>multos</strong></span> <span class='ocrx_word' id='word_1_92' title='bbox 462 938 621 978; x_wconf 87' lang='lat' dir='ltr'><strong>modos</strong></span> <span class='ocrx_word' id='word_1_93' title='bbox 656 938 955 979; x_wconf 89' lang='lat' dir='ltr'><strong>constituendi</strong></span> <span class='ocrx_word' id='word_1_94' title='bbox 987 943 1171 988; x_wconf 89' lang='lat' dir='ltr'><strong>sectam,</strong></span> <span class='ocrx_word' id='word_1_95' title='bbox 1202 939 1312 979; x_wconf 90' lang='lat' dir='ltr'><strong>sicut</strong></span> <span class='ocrx_word' id='word_1_96' title='bbox 1343 938 1386 979; x_wconf 92' lang='lat' dir='ltr'><strong>in</strong></span> <span class='ocrx_word' id='word_1_97' title='bbox 1419 945 1545 993; x_wconf 88' lang='lat' dir='ltr'><strong>parte</strong></span> <span class='ocrx_word' id='word_1_98' title='bbox 1585 944 1712 994; x_wconf 86' lang='lat' dir='ltr'><strong>patet</strong></span> <span class='ocrx_word' id='word_1_99' title='bbox 1752 952 1811 979; x_wconf 87' lang='lat' dir='ltr'><strong>ex</strong></span> 
     </span>
     <span class='ocr_line' id='line_1_14' title="bbox 265 1007 1512 1062; baseline 0.001 -13"><span class='ocrx_word' id='word_1_100' title='bbox 265 1007 360 1049; x_wconf 88' lang='lat' dir='ltr'><strong>aliis</strong></span> <span class='ocrx_word' id='word_1_101' title='bbox 383 1007 524 1049; x_wconf 91' lang='lat' dir='ltr'><strong>modis</strong></span> <span class='ocrx_word' id='word_1_102' title='bbox 547 1007 799 1049; x_wconf 89' lang='lat' dir='ltr'><strong>inveniendi</strong></span> <span class='ocrx_word' id='word_1_103' title='bbox 823 1015 990 1049; x_wconf 88' lang='lat' dir='ltr'><strong>sectam</strong></span> <span class='ocrx_word' id='word_1_104' title='bbox 1013 1022 1099 1062; x_wconf 92' lang='lat' dir='ltr'><strong>que</strong></span> <span class='ocrx_word' id='word_1_105' title='bbox 1121 1008 1238 1062; x_wconf 89' lang='lat' dir='ltr'><strong>prius</strong></span> <span class='ocrx_word' id='word_1_106' title='bbox 1260 1015 1377 1051; x_wconf 87' lang='lat' dir='ltr'><strong>tacte</strong></span> <span class='ocrx_word' id='word_1_107' title='bbox 1399 1015 1512 1051; x_wconf 88' lang='lat' dir='ltr'><strong>sunt.</strong></span> 
     </span>
    </p>

    <p class='ocr_par' dir='ltr' id='par_1_4' title="bbox 264 1076 1813 2820">
     <span class='ocr_line' id='line_1_15' title="bbox 324 1076 1813 1135; baseline 0.001 -17"><span class='ocrx_word' id='word_1_108' title='bbox 324 1077 492 1119; x_wconf 89' lang='lat' dir='ltr'><strong>Omnes</strong></span> <span class='ocrx_word' id='word_1_109' title='bbox 525 1077 642 1118; x_wconf 90' lang='lat' dir='ltr'><strong>enim</strong></span> <span class='ocrx_word' id='word_1_110' title='bbox 675 1076 928 1132; x_wconf 88' lang='lat' dir='ltr'><strong>philosophi</strong></span> <span class='ocrx_word' id='word_1_111' title='bbox 960 1085 1005 1120; x_wconf 92' lang='lat' dir='ltr'><strong>et</strong></span> <span class='ocrx_word' id='word_1_112' title='bbox 1036 1085 1168 1132; x_wconf 88' lang='lat' dir='ltr'><strong>poete</strong></span> <span class='ocrx_word' id='word_1_113' title='bbox 1200 1076 1374 1120; x_wconf 87' lang='lat' dir='ltr'><strong>fuerunt</strong></span> <span class='ocrx_word' id='word_1_114' title='bbox 1402 1086 1504 1135; x_wconf 89' lang='lat' dir='ltr'><strong>post</strong></span> <span class='ocrx_word' id='word_1_115' title='bbox 1534 1079 1741 1134; x_wconf 89' lang='lat' dir='ltr'><strong>Moysem</strong></span> <span class='ocrx_word' id='word_1_116' title='bbox 1767 1086 1813 1121; x_wconf 89' lang='lat' dir='ltr'><strong>et</strong></span> 
     </span>
     <span class='ocr_line' id='line_1_16' title="bbox 265 1139 1812 1205; baseline 0.001 -17"><span class='ocrx_word' id='word_1_117' title='bbox 265 1147 410 1202; x_wconf 81' lang='lat' dir='ltr'><strong>legem</strong></span> <span class='ocrx_word' id='word_1_118' title='bbox 429 1148 595 1196; x_wconf 84' lang='lat' dir='ltr'><strong>datam,</strong></span> <span class='ocrx_word' id='word_1_119' title='bbox 613 1155 655 1189; x_wconf 84' lang='lat' dir='ltr'><strong>et</strong></span> <span class='ocrx_word' id='word_1_120' title='bbox 673 1155 773 1202; x_wconf 93' lang='lat' dir='ltr'><strong>post</strong></span> <span class='ocrx_word' id='word_1_121' title='bbox 792 1149 955 1190; x_wconf 89' lang='lat' dir='ltr'><strong>multos</strong></span> <span class='ocrx_word' id='word_1_122' title='bbox 973 1149 1225 1203; x_wconf 89' lang='lat' dir='ltr'><strong>prophetas.</strong></span> <span class='ocrx_word' id='word_1_123' title='bbox 1280 1149 1409 1204; x_wconf 77' lang='lat' dir='ltr'><strong>Quia,</strong></span> <span class='ocrx_word' id='word_1_124' title='bbox 1423 1139 1812 1205; x_wconf 87' lang='lat' dir='ltr'><strong>quantumcunque</strong></span> 
     </span>
     <span class='ocr_line' id='line_1_17' title="bbox 264 1218 1813 1275; baseline 0.001 -16"><span class='ocrx_word' id='word_1_125' title='bbox 264 1218 472 1259; x_wconf 89' lang='lat' dir='ltr'><strong>volumus</strong></span> <span class='ocrx_word' id='word_1_126' title='bbox 532 1218 725 1260; x_wconf 87' lang='lat' dir='ltr'><strong>strictius</strong></span> <span class='ocrx_word' id='word_1_127' title='bbox 785 1226 1060 1273; x_wconf 88' lang='lat' dir='ltr'><strong>computare,</strong></span> <span class='ocrx_word' id='word_1_128' title='bbox 1115 1219 1388 1262; x_wconf 91' lang='lat' dir='ltr'><strong>inveniemus</strong></span> <span class='ocrx_word' id='word_1_129' title='bbox 1443 1220 1562 1275; x_wconf 91' lang='lat' dir='ltr'><strong>quod</strong></span> <span class='ocrx_word' id='word_1_130' title='bbox 1616 1219 1813 1262; x_wconf 87' lang='lat' dir='ltr'><strong>Cadmus</strong></span> 
     </span>
     <span class='ocr_line' id='line_1_18' title="bbox 266 1286 1813 1345; baseline 0.001 -16"><span class='ocrx_word' id='word_1_131' title='bbox 266 1289 469 1330; x_wconf 89' lang='lat' dir='ltr'><strong>inventor</strong></span> <span class='ocrx_word' id='word_1_132' title='bbox 494 1286 748 1343; x_wconf 75' lang='lat' dir='ltr'><strong>Grelcarum</strong></span> <span class='ocrx_word' id='word_1_133' title='bbox 767 1289 1011 1331; x_wconf 87' lang='lat' dir='ltr'><strong>litterarum</strong></span> <span class='ocrx_word' id='word_1_134' title='bbox 1033 1297 1135 1344; x_wconf 90' lang='lat' dir='ltr'><strong>post</strong></span> <span class='ocrx_word' id='word_1_135' title='bbox 1156 1291 1303 1344; x_wconf 91' lang='lat' dir='ltr'><strong>Josue.</strong></span> <span class='ocrx_word' id='word_1_136' title='bbox 1357 1291 1532 1333; x_wconf 93' lang='lat' dir='ltr'><strong>Deinde</strong></span> <span class='ocrx_word' id='word_1_137' title='bbox 1552 1291 1595 1332; x_wconf 90' lang='lat' dir='ltr'><strong>in</strong></span> <span class='ocrx_word' id='word_1_138' title='bbox 1610 1297 1813 1345; x_wconf 87' lang='lat' dir='ltr'><strong>tempore</strong></span> 
     </span>
     <span class='ocr_line' id='line_1_19' title="bbox 264 1358 1812 1416; baseline 0.001 -17"><span class='ocrx_word' id='word_1_139' title='bbox 264 1358 393 1400; x_wconf 90' lang='lat' dir='ltr'><strong>Aoth</strong></span> <span class='ocrx_word' id='word_1_140' title='bbox 424 1358 597 1412; x_wconf 90' lang='lat' dir='ltr'><strong>judicis,</strong></span> <span class='ocrx_word' id='word_1_141' title='bbox 634 1358 865 1413; x_wconf 89' lang='lat' dir='ltr'><strong>Amphion</strong></span> <span class='ocrx_word' id='word_1_142' title='bbox 909 1360 1101 1402; x_wconf 89' lang='lat' dir='ltr'><strong>musicus</strong></span> <span class='ocrx_word' id='word_1_143' title='bbox 1141 1361 1306 1402; x_wconf 89' lang='lat' dir='ltr'><strong>claruit.</strong></span> <span class='ocrx_word' id='word_1_144' title='bbox 1370 1361 1422 1402; x_wconf 92' lang='lat' dir='ltr'><strong>In</strong></span> <span class='ocrx_word' id='word_1_145' title='bbox 1463 1368 1665 1416; x_wconf 89' lang='lat' dir='ltr'><strong>ternpore</strong></span> <span class='ocrx_word' id='word_1_146' title='bbox 1704 1361 1812 1415; x_wconf 89' lang='lat' dir='ltr'><strong>Jair,</strong></span> 
     </span>
     <span class='ocr_line' id='line_1_20' title="bbox 268 1427 1811 1485; baseline 0.002 -17"><span class='ocrx_word' id='word_1_147' title='bbox 268 1427 521 1469; x_wconf 87' lang='lat' dir='ltr'><strong>Carmentis</strong></span> <span class='ocrx_word' id='word_1_148' title='bbox 565 1429 726 1470; x_wconf 90' lang='lat' dir='ltr'><strong>latinas</strong></span> <span class='ocrx_word' id='word_1_149' title='bbox 772 1429 937 1472; x_wconf 88' lang='lat' dir='ltr'><strong>litteras</strong></span> <span class='ocrx_word' id='word_1_150' title='bbox 988 1431 1162 1485; x_wconf 89' lang='lat' dir='ltr'><strong>reperit.</strong></span> <span class='ocrx_word' id='word_1_151' title='bbox 1225 1432 1431 1483; x_wconf 88' lang='lat' dir='ltr'><strong>Demum,</strong></span> <span class='ocrx_word' id='word_1_152' title='bbox 1467 1431 1549 1472; x_wconf 94' lang='lat' dir='ltr'><strong>sub</strong></span> <span class='ocrx_word' id='word_1_153' title='bbox 1588 1431 1811 1480; x_wconf 86' lang='lat' dir='ltr'><strong>Gedeone,</strong></span> 
     </span>
     <span class='ocr_line' id='line_1_21' title="bbox 268 1498 1812 1553; baseline 0.001 -12"><span class='ocrx_word' id='word_1_154' title='bbox 268 1498 475 1553; x_wconf 86' lang='lat' dir='ltr'><strong>Orpheus</strong></span> <span class='ocrx_word' id='word_1_155' title='bbox 513 1499 741 1553; x_wconf 91' lang='lat' dir='ltr'><strong>Linusque</strong></span> <span class='ocrx_word' id='word_1_156' title='bbox 773 1501 926 1542; x_wconf 89' lang='lat' dir='ltr'><strong>musici</strong></span> <span class='ocrx_word' id='word_1_157' title='bbox 959 1500 1221 1543; x_wconf 88' lang='lat' dir='ltr'><strong>claruerunt.</strong></span> <span class='ocrx_word' id='word_1_158' title='bbox 1285 1502 1443 1543; x_wconf 87' lang='lat' dir='ltr'><strong>Postea</strong></span> <span class='ocrx_word' id='word_1_159' title='bbox 1475 1501 1558 1543; x_wconf 89' lang='lat' dir='ltr'><strong>sub</strong></span> <span class='ocrx_word' id='word_1_160' title='bbox 1591 1500 1812 1553; x_wconf 88' lang='lat' dir='ltr'><strong>Samuele,</strong></span> 
     </span>
     <span class='ocr_line' id='line_1_22' title="bbox 270 1569 1810 1626; baseline 0.003 -17"><span class='ocrx_word' id='word_1_161' title='bbox 270 1569 497 1610; x_wconf 90' lang='lat' dir='ltr'><strong>Homerus</strong></span> <span class='ocrx_word' id='word_1_162' title='bbox 519 1576 653 1624; x_wconf 91' lang='lat' dir='ltr'><strong>poeta</strong></span> <span class='ocrx_word' id='word_1_163' title='bbox 675 1570 770 1619; x_wconf 86' lang='lat' dir='ltr'><strong>fuit,</strong></span> <span class='ocrx_word' id='word_1_164' title='bbox 793 1570 949 1624; x_wconf 88' lang='lat' dir='ltr'><strong>hisque</strong></span> <span class='ocrx_word' id='word_1_165' title='bbox 971 1572 1228 1626; x_wconf 83' lang='lat' dir='ltr'><strong>adjungitur</strong></span> <span class='ocrx_word' id='word_1_166' title='bbox 1245 1572 1471 1614; x_wconf 89' lang='lat' dir='ltr'><strong>Hesiodus</strong></span> <span class='ocrx_word' id='word_1_167' title='bbox 1488 1579 1594 1614; x_wconf 89' lang='lat' dir='ltr'><strong>ante</strong></span> <span class='ocrx_word' id='word_1_168' title='bbox 1615 1572 1810 1613; x_wconf 86' lang='lat' dir='ltr'><strong>Romam</strong></span> 
     </span>
     <span class='ocr_line' id='line_1_23' title="bbox 267 1639 1812 1697; baseline 0.003 -18"><span class='ocrx_word' id='word_1_169' title='bbox 267 1640 504 1680; x_wconf 89' lang='lat' dir='ltr'><strong>conditam.</strong></span> <span class='ocrx_word' id='word_1_170' title='bbox 589 1639 764 1681; x_wconf 90' lang='lat' dir='ltr'><strong>Deinde</strong></span> <span class='ocrx_word' id='word_1_171' title='bbox 804 1640 1066 1683; x_wconf 89' lang='lat' dir='ltr'><strong>Archilceus</strong></span> <span class='ocrx_word' id='word_1_172' title='bbox 1107 1650 1319 1697; x_wconf 84' lang='lat' dir='ltr'><strong>regnante</strong></span> <span class='ocrx_word' id='word_1_173' title='bbox 1365 1643 1574 1696; x_wconf 87' lang='lat' dir='ltr'><strong>Romulo,</strong></span> <span class='ocrx_word' id='word_1_174' title='bbox 1610 1649 1812 1697; x_wconf 85' lang='lat' dir='ltr'><strong>tempore</strong></span> 
     </span>
     <span class='ocr_line' id='line_1_24' title="bbox 268 1709 1812 1767; baseline 0.004 -18"><span class='ocrx_word' id='word_1_175' title='bbox 268 1709 486 1751; x_wconf 89' lang='lat' dir='ltr'><strong>Ethechie</strong></span> <span class='ocrx_word' id='word_1_176' title='bbox 516 1711 630 1764; x_wconf 83' lang='lat' dir='ltr'><strong>regis</strong></span> <span class='ocrx_word' id='word_1_177' title='bbox 656 1710 786 1763; x_wconf 89' lang='lat' dir='ltr'><strong>Juda.</strong></span> <span class='ocrx_word' id='word_1_178' title='bbox 850 1712 910 1753; x_wconf 81' lang='lat' dir='ltr'><strong>Et</strong></span> <span class='ocrx_word' id='word_1_179' title='bbox 939 1712 984 1753; x_wconf 92' lang='lat' dir='ltr'><strong>hi</strong></span> <span class='ocrx_word' id='word_1_180' title='bbox 1015 1727 1169 1754; x_wconf 90' lang='lat' dir='ltr'><strong>omnes</strong></span> <span class='ocrx_word' id='word_1_181' title='bbox 1199 1727 1285 1754; x_wconf 91' lang='lat' dir='ltr'><strong>non</strong></span> <span class='ocrx_word' id='word_1_182' title='bbox 1316 1712 1566 1767; x_wconf 89' lang='lat' dir='ltr'><strong>philosophi</strong></span> <span class='ocrx_word' id='word_1_183' title='bbox 1589 1720 1656 1754; x_wconf 90' lang='lat' dir='ltr'><strong>set</strong></span> <span class='ocrx_word' id='word_1_184' title='bbox 1677 1720 1812 1766; x_wconf 87' lang='lat' dir='ltr'><strong>poete</strong></span> 
     </span>
     <span class='ocr_line' id='line_1_25' title="bbox 267 1780 1812 1838; baseline 0.002 -17"><span class='ocrx_word' id='word_1_185' title='bbox 267 1780 372 1821; x_wconf 88' lang='lat' dir='ltr'><strong>dicti</strong></span> <span class='ocrx_word' id='word_1_186' title='bbox 395 1787 512 1822; x_wconf 89' lang='lat' dir='ltr'><strong>sunt.</strong></span> <span class='ocrx_word' id='word_1_187' title='bbox 576 1781 752 1822; x_wconf 89' lang='lat' dir='ltr'><strong>Deinde</strong></span> <span class='ocrx_word' id='word_1_188' title='bbox 774 1783 856 1823; x_wconf 92' lang='lat' dir='ltr'><strong>sub</strong></span> <span class='ocrx_word' id='word_1_189' title='bbox 873 1782 993 1835; x_wconf 88' lang='lat' dir='ltr'><strong>Josia</strong></span> <span class='ocrx_word' id='word_1_190' title='bbox 1008 1797 1109 1838; x_wconf 85' lang='lat' dir='ltr'><strong>rege</strong></span> <span class='ocrx_word' id='word_1_191' title='bbox 1124 1785 1306 1838; x_wconf 72' lang='lat' dir='ltr'><strong>optimo,</strong></span> <span class='ocrx_word' id='word_1_192' title='bbox 1325 1784 1493 1838; x_wconf 90' lang='lat' dir='ltr'><strong>primus</strong></span> <span class='ocrx_word' id='word_1_193' title='bbox 1509 1783 1812 1838; x_wconf 88' lang='lat' dir='ltr'><strong>philosophus,</strong></span> 
     </span>
     <span class='ocr_line' id='line_1_26' title="bbox 266 1850 1810 1908; baseline 0.002 -17"><span class='ocrx_word' id='word_1_194' title='bbox 266 1850 485 1904; x_wconf 85' lang='lat' dir='ltr'><strong>videlicet,</strong></span> <span class='ocrx_word' id='word_1_195' title='bbox 502 1850 611 1892; x_wconf 86' lang='lat' dir='ltr'><strong>Tale</strong></span> <span class='ocrx_word' id='word_1_196' title='bbox 636 1851 834 1893; x_wconf 85' lang='lat' dir='ltr'><strong>Milesius</strong></span> <span class='ocrx_word' id='word_1_197' title='bbox 852 1852 1062 1906; x_wconf 90' lang='lat' dir='ltr'><strong>physicus</strong></span> <span class='ocrx_word' id='word_1_198' title='bbox 1077 1860 1120 1895; x_wconf 90' lang='lat' dir='ltr'><strong>et</strong></span> <span class='ocrx_word' id='word_1_199' title='bbox 1139 1868 1252 1895; x_wconf 89' lang='lat' dir='ltr'><strong>unus</strong></span> <span class='ocrx_word' id='word_1_200' title='bbox 1267 1855 1322 1896; x_wconf 95' lang='lat' dir='ltr'><strong>de</strong></span> <span class='ocrx_word' id='word_1_201' title='bbox 1336 1854 1609 1908; x_wconf 88' lang='lat' dir='ltr'><strong>sapientibus</strong></span> <span class='ocrx_word' id='word_1_202' title='bbox 1623 1861 1810 1908; x_wconf 88' lang='lat' dir='ltr'><strong>septem,</strong></span> 
     </span>
     <span class='ocr_line' id='line_1_27' title="bbox 266 1920 1812 1966; baseline 0.003 -5"><span class='ocrx_word' id='word_1_203' title='bbox 266 1928 309 1961; x_wconf 90' lang='lat' dir='ltr'><strong>et</strong></span> <span class='ocrx_word' id='word_1_204' title='bbox 326 1920 463 1962; x_wconf 92' lang='lat' dir='ltr'><strong>Solon</strong></span> <span class='ocrx_word' id='word_1_205' title='bbox 477 1920 762 1963; x_wconf 85' lang='lat' dir='ltr'><strong>Atheniensis</strong></span> <span class='ocrx_word' id='word_1_206' title='bbox 779 1923 977 1964; x_wconf 91' lang='lat' dir='ltr'><strong>similiter</strong></span> <span class='ocrx_word' id='word_1_207' title='bbox 991 1923 1241 1966; x_wconf 88' lang='lat' dir='ltr'><strong>floruerunt.</strong></span> <span class='ocrx_word' id='word_1_208' title='bbox 1284 1924 1460 1965; x_wconf 90' lang='lat' dir='ltr'><strong>Deinde</strong></span> <span class='ocrx_word' id='word_1_209' title='bbox 1474 1924 1812 1966; x_wconf 87' lang='lat' dir='ltr'><strong>Anaximander</strong></span> 
     </span>
     <span class='ocr_line' id='line_1_28' title="bbox 267 1990 1810 2049; baseline 0.004 -19"><span class='ocrx_word' id='word_1_210' title='bbox 267 1997 310 2031; x_wconf 93' lang='lat' dir='ltr'><strong>et</strong></span> <span class='ocrx_word' id='word_1_211' title='bbox 332 1990 642 2032; x_wconf 81' lang='lat' dir='ltr'><strong>Anaximenes</strong></span> <span class='ocrx_word' id='word_1_212' title='bbox 664 1998 709 2033; x_wconf 90' lang='lat' dir='ltr'><strong>et</strong></span> <span class='ocrx_word' id='word_1_213' title='bbox 732 1992 1032 2046; x_wconf 87' lang='lat' dir='ltr'><strong>Xenophanes</strong></span> <span class='ocrx_word' id='word_1_214' title='bbox 1061 1994 1245 2047; x_wconf 83' lang='lat' dir='ltr'><strong>physici,</strong></span> <span class='ocrx_word' id='word_1_215' title='bbox 1267 2001 1469 2049; x_wconf 89' lang='lat' dir='ltr'><strong>ternpore</strong></span> <span class='ocrx_word' id='word_1_216' title='bbox 1497 1995 1679 2048; x_wconf 88' lang='lat' dir='ltr'><strong>Judaice</strong></span> <span class='ocrx_word' id='word_1_217' title='bbox 1709 2007 1810 2048; x_wconf 92' lang='lat' dir='ltr'><strong>cap-</strong></span> 
     </span>
     <span class='ocr_line' id='line_1_29' title="bbox 269 2060 1812 2118; baseline 0.003 -18"><span class='ocrx_word' id='word_1_218' title='bbox 269 2061 453 2102; x_wconf 86' lang='lat' dir='ltr'><strong>tivitatis</strong></span> <span class='ocrx_word' id='word_1_219' title='bbox 495 2060 758 2103; x_wconf 91' lang='lat' dir='ltr'><strong>claruerunt.</strong></span> <span class='ocrx_word' id='word_1_220' title='bbox 840 2062 1030 2114; x_wconf 90' lang='lat' dir='ltr'><strong>Deinde,</strong></span> <span class='ocrx_word' id='word_1_221' title='bbox 1072 2064 1217 2106; x_wconf 89' lang='lat' dir='ltr'><strong>soluta</strong></span> <span class='ocrx_word' id='word_1_222' title='bbox 1258 2064 1515 2118; x_wconf 86' lang='lat' dir='ltr'><strong>captivitate</strong></span> <span class='ocrx_word' id='word_1_223' title='bbox 1555 2064 1812 2117; x_wconf 90' lang='lat' dir='ltr'><strong>Judeorum‚</strong></span> 
     </span>
     <span class='ocr_line' id='line_1_30' title="bbox 267 2131 1810 2189; baseline 0.003 -19"><span class='ocrx_word' id='word_1_224' title='bbox 267 2131 548 2172; x_wconf 87' lang='lat' dir='ltr'><strong>Democritus</strong></span> <span class='ocrx_word' id='word_1_225' title='bbox 581 2131 783 2185; x_wconf 85' lang='lat' dir='ltr'><strong>Ypocras</strong></span> <span class='ocrx_word' id='word_1_226' title='bbox 815 2139 858 2174; x_wconf 88' lang='lat' dir='ltr'><strong>et</strong></span> <span class='ocrx_word' id='word_1_227' title='bbox 891 2132 1168 2187; x_wconf 88' lang='lat' dir='ltr'><strong>Pherecydes</strong></span> <span class='ocrx_word' id='word_1_228' title='bbox 1202 2133 1342 2188; x_wconf 92' lang='lat' dir='ltr'><strong>Syrus</strong></span> <span class='ocrx_word' id='word_1_229' title='bbox 1361 2133 1387 2185; x_wconf 75' lang='lat'><strong>1,</strong></span> <span class='ocrx_word' id='word_1_230' title='bbox 1416 2135 1490 2188; x_wconf 92' lang='lat' dir='ltr'><strong>qui</strong></span> <span class='ocrx_word' id='word_1_231' title='bbox 1522 2135 1666 2189; x_wconf 88' lang='lat' dir='ltr'><strong>primo</strong></span> <span class='ocrx_word' id='word_1_232' title='bbox 1697 2134 1810 2175; x_wconf 89' lang='lat' dir='ltr'><strong>dixit</strong></span> 
     </span>
     <span class='ocr_line' id='line_1_31' title="bbox 267 2200 1810 2259; baseline 0.003 -20"><span class='ocrx_word' id='word_1_233' title='bbox 267 2200 436 2241; x_wconf 87' lang='lat' dir='ltr'><strong>animas</strong></span> <span class='ocrx_word' id='word_1_234' title='bbox 462 2200 691 2242; x_wconf 89' lang='lat' dir='ltr'><strong>hominum</strong></span> <span class='ocrx_word' id='word_1_235' title='bbox 723 2216 817 2244; x_wconf 89' lang='lat' dir='ltr'><strong>esse</strong></span> <span class='ocrx_word' id='word_1_236' title='bbox 846 2203 1146 2258; x_wconf 89' lang='lat' dir='ltr'><strong>sempiternas,</strong></span> <span class='ocrx_word' id='word_1_237' title='bbox 1170 2204 1407 2259; x_wconf 86' lang='lat' dir='ltr'><strong>Pithagore</strong></span> <span class='ocrx_word' id='word_1_238' title='bbox 1437 2205 1657 2259; x_wconf 85' lang='lat' dir='ltr'><strong>magister.</strong></span> <span class='ocrx_word' id='word_1_239' title='bbox 1721 2203 1810 2258; x_wconf 80' lang='lat' dir='ltr'><strong>Qui</strong></span> 
     </span>
     <span class='ocr_line' id='line_1_32' title="bbox 269 2262 1812 2330; baseline 0.004 -21"><span class='ocrx_word' id='word_1_240' title='bbox 269 2268 503 2323; x_wconf 84' lang='lat' dir='ltr'><strong>Pitagoras</strong></span> <span class='ocrx_word' id='word_1_241' title='bbox 546 2273 652 2313; x_wconf 91' lang='lat' dir='ltr'><strong>dum</strong></span> <span class='ocrx_word' id='word_1_242' title='bbox 685 2273 876 2314; x_wconf 89' lang='lat' dir='ltr'><strong>venisset</strong></span> <span class='ocrx_word' id='word_1_243' title='bbox 909 2273 950 2313; x_wconf 89' lang='lat' dir='ltr'><strong>in</strong></span> <span class='ocrx_word' id='word_1_244' title='bbox 986 2273 1162 2315; x_wconf 86' lang='lat' dir='ltr'><strong>Italiam</strong></span> <span class='ocrx_word' id='word_1_245' title='bbox 1204 2287 1303 2315; x_wconf 87' lang='lat' dir='ltr'><strong>curn</strong></span> <span class='ocrx_word' id='word_1_246' title='bbox 1342 2262 1546 2328; x_wconf 69' lang='lat' dir='ltr'><strong>Superbo</strong></span> <span class='ocrx_word' id='word_1_247' title='bbox 1588 2281 1812 2330; x_wconf 88' lang='lat' dir='ltr'><strong>regnante,</strong></span> 
     </span>
     <span class='ocr_line' id='line_1_33' title="bbox 271 2333 1809 2396; baseline 0.005 -18"><span class='ocrx_word' id='word_1_248' title='bbox 271 2337 393 2379; x_wconf 89' lang='lat' dir='ltr'><strong>illam</strong></span> <span class='ocrx_word' id='word_1_249' title='bbox 433 2340 647 2396; x_wconf 83' lang='lat' dir='ltr'><strong>Magnam</strong></span> <span class='ocrx_word' id='word_1_250' title='bbox 687 2341 890 2384; x_wconf 90' lang='lat' dir='ltr'><strong>Greciam</strong></span> <span class='ocrx_word' id='word_1_251' title='bbox 928 2357 1027 2384; x_wconf 91' lang='lat' dir='ltr'><strong>cum</strong></span> <span class='ocrx_word' id='word_1_252' title='bbox 1062 2333 1241 2394; x_wconf 86' lang='lat' dir='ltr'><strong>honore,</strong></span> <span class='ocrx_word' id='word_1_253' title='bbox 1273 2358 1371 2386; x_wconf 86' lang='lat' dir='ltr'><strong>cum</strong></span> <span class='ocrx_word' id='word_1_254' title='bbox 1404 2345 1677 2391; x_wconf 86' lang='lat' dir='ltr'><strong>auctoritate,</strong></span> <span class='ocrx_word' id='word_1_255' title='bbox 1709 2358 1809 2386; x_wconf 90' lang='lat' dir='ltr'><strong>cum</strong></span> 
     </span>
     <span class='ocr_line' id='line_1_34' title="bbox 271 2409 1809 2467; baseline 0.005 -19"><span class='ocrx_word' id='word_1_256' title='bbox 271 2409 501 2463; x_wconf 89' lang='lat' dir='ltr'><strong>disciplina</strong></span> <span class='ocrx_word' id='word_1_257' title='bbox 532 2413 685 2462; x_wconf 86' lang='lat' dir='ltr'><strong>tenuit,</strong></span> <span class='ocrx_word' id='word_1_258' title='bbox 708 2413 821 2454; x_wconf 86' lang='lat' dir='ltr'><strong>sicut</strong></span> <span class='ocrx_word' id='word_1_259' title='bbox 851 2413 1003 2455; x_wconf 88' lang='lat' dir='ltr'><strong>Cicero</strong></span> <span class='ocrx_word' id='word_1_260' title='bbox 1033 2414 1188 2456; x_wconf 79' lang='lat' dir='ltr'><strong>recitat</strong></span> <span class='ocrx_word' id='word_1_261' title='bbox 1219 2415 1362 2467; x_wconf 89' lang='lat' dir='ltr'><strong>primo</strong></span> <span class='ocrx_word' id='word_1_262' title='bbox 1392 2414 1461 2456; x_wconf 86' lang='lat' dir='ltr'><strong>De</strong></span> <span class='ocrx_word' id='word_1_263' title='bbox 1496 2414 1809 2466; x_wconf 76' lang='lat' dir='ltr'><strong>Quesciom‘bus.</strong></span> 
     </span>
     <span class='ocr_line' id='line_1_35' title="bbox 271 2479 1810 2535; baseline 0.004 -15"><span class='ocrx_word' id='word_1_264' title='bbox 271 2479 331 2520; x_wconf 86' lang='lat' dir='ltr'><strong>Et</strong></span> <span class='ocrx_word' id='word_1_265' title='bbox 353 2480 520 2521; x_wconf 88' lang='lat' dir='ltr'><strong>circiter</strong></span> <span class='ocrx_word' id='word_1_266' title='bbox 541 2488 742 2535; x_wconf 87' lang='lat' dir='ltr'><strong>tempora</strong></span> <span class='ocrx_word' id='word_1_267' title='bbox 766 2483 839 2523; x_wconf 89' lang='lat' dir='ltr'><strong>illa</strong></span> <span class='ocrx_word' id='word_1_268' title='bbox 863 2483 1066 2525; x_wconf 84' lang='lat' dir='ltr'><strong>Socrates</strong></span> <span class='ocrx_word' id='word_1_269' title='bbox 1096 2493 1225 2526; x_wconf 85' lang='lat' dir='ltr'><strong>natus</strong></span> <span class='ocrx_word' id='word_1_270' title='bbox 1257 2491 1335 2535; x_wconf 88' lang='lat' dir='ltr'><strong>est,</strong></span> <span class='ocrx_word' id='word_1_271' title='bbox 1358 2491 1401 2526; x_wconf 89' lang='lat' dir='ltr'><strong>et</strong></span> <span class='ocrx_word' id='word_1_272' title='bbox 1427 2484 1581 2526; x_wconf 88' lang='lat' dir='ltr'><strong>claruit</strong></span> <span class='ocrx_word' id='word_1_273' title='bbox 1608 2485 1810 2526; x_wconf 89' lang='lat' dir='ltr'><strong>multum.</strong></span> 
     </span>
     <span class='ocr_line' id='line_1_36' title="bbox 269 2548 1809 2608; baseline 0.005 -19"><span class='ocrx_word' id='word_1_274' title='bbox 269 2548 330 2591; x_wconf 89' lang='lat' dir='ltr'><strong>Et</strong></span> <span class='ocrx_word' id='word_1_275' title='bbox 350 2556 454 2591; x_wconf 86' lang='lat' dir='ltr'><strong>tunc</strong></span> <span class='ocrx_word' id='word_1_276' title='bbox 475 2550 687 2592; x_wconf 88' lang='lat' dir='ltr'><strong>Architas</strong></span> <span class='ocrx_word' id='word_1_277' title='bbox 709 2553 978 2595; x_wconf 86' lang='lat' dir='ltr'><strong>Tarentinus</strong></span> <span class='ocrx_word' id='word_1_278' title='bbox 1001 2561 1044 2595; x_wconf 89' lang='lat' dir='ltr'><strong>et</strong></span> <span class='ocrx_word' id='word_1_279' title='bbox 1068 2555 1280 2595; x_wconf 88' lang='lat' dir='ltr'><strong>Thimeus</strong></span> <span class='ocrx_word' id='word_1_280' title='bbox 1300 2554 1556 2608; x_wconf 79' lang='lat' dir='ltr'><strong>Pictagorici</strong></span> <span class='ocrx_word' id='word_1_281' title='bbox 1578 2554 1809 2598; x_wconf 71' lang='lat' dir='ltr'><strong>florebant.</strong></span> 
     </span>
     <span class='ocr_line' id='line_1_37' title="bbox 271 2619 1809 2678; baseline 0.003 -17"><span class='ocrx_word' id='word_1_282' title='bbox 271 2619 365 2661; x_wconf 85' lang='lat' dir='ltr'><strong>Sub</strong></span> <span class='ocrx_word' id='word_1_283' title='bbox 391 2634 576 2673; x_wconf 89' lang='lat' dir='ltr'><strong>quorum</strong></span> <span class='ocrx_word' id='word_1_284' title='bbox 608 2623 763 2663; x_wconf 89' lang='lat' dir='ltr'><strong>diebus</strong></span> <span class='ocrx_word' id='word_1_285' title='bbox 788 2624 915 2666; x_wconf 89' lang='lat' dir='ltr'><strong>Plato</strong></span> <span class='ocrx_word' id='word_1_286' title='bbox 941 2625 1084 2678; x_wconf 87' lang='lat' dir='ltr'><strong>primo</strong></span> <span class='ocrx_word' id='word_1_287' title='bbox 1106 2626 1258 2668; x_wconf 89' lang='lat' dir='ltr'><strong>didicit</strong></span> <span class='ocrx_word' id='word_1_288' title='bbox 1291 2624 1516 2667; x_wconf 88' lang='lat' dir='ltr'><strong>Socratica</strong></span> <span class='ocrx_word' id='word_1_289' title='bbox 1534 2624 1549 2648; x_wconf 82' lang='lat'><strong>²</strong></span> <span class='ocrx_word' id='word_1_290' title='bbox 1572 2625 1614 2666; x_wconf 91' lang='lat' dir='ltr'><strong>in</strong></span> <span class='ocrx_word' id='word_1_291' title='bbox 1639 2625 1809 2675; x_wconf 88' lang='lat' dir='ltr'><strong>Grecia,</strong></span> 
     </span>
     <span class='ocr_line' id='line_1_38' title="bbox 267 2690 1809 2748; baseline 0.003 -17"><span class='ocrx_word' id='word_1_292' title='bbox 267 2690 441 2740; x_wconf 86' lang='lat' dir='ltr'><strong>deinde,</strong></span> <span class='ocrx_word' id='word_1_293' title='bbox 479 2698 527 2733; x_wconf 89' lang='lat' dir='ltr'><strong>ut</strong></span> <span class='ocrx_word' id='word_1_294' title='bbox 562 2693 692 2733; x_wconf 91' lang='lat' dir='ltr'><strong>sciret</strong></span> <span class='ocrx_word' id='word_1_295' title='bbox 728 2693 1019 2748; x_wconf 83' lang='lat' dir='ltr'><strong>Pithagorica‚</strong></span> <span class='ocrx_word' id='word_1_296' title='bbox 1054 2695 1192 2736; x_wconf 87' lang='lat' dir='ltr'><strong>adivit</strong></span> <span class='ocrx_word' id='word_1_297' title='bbox 1222 2695 1456 2736; x_wconf 90' lang='lat' dir='ltr'><strong>Architam</strong></span> <span class='ocrx_word' id='word_1_298' title='bbox 1489 2701 1533 2736; x_wconf 88' lang='lat' dir='ltr'><strong>et</strong></span> <span class='ocrx_word' id='word_1_299' title='bbox 1570 2695 1809 2736; x_wconf 89' lang='lat' dir='ltr'><strong>Thimeum</strong></span> 
     </span>
     <span class='ocr_line' id='line_1_39' title="bbox 267 2760 1807 2820; baseline 0.004 -19"><span class='ocrx_word' id='word_1_300' title='bbox 267 2761 309 2801; x_wconf 92' lang='lat' dir='ltr'><strong>in</strong></span> <span class='ocrx_word' id='word_1_301' title='bbox 343 2760 483 2803; x_wconf 86' lang='lat' dir='ltr'><strong>Italia.</strong></span> <span class='ocrx_word' id='word_1_302' title='bbox 548 2763 723 2805; x_wconf 90' lang='lat' dir='ltr'><strong>Deinde</strong></span> <span class='ocrx_word' id='word_1_303' title='bbox 746 2765 825 2805; x_wconf 88' lang='lat' dir='ltr'><strong>suit</strong></span> <span class='ocrx_word' id='word_1_304' title='bbox 848 2765 1105 2807; x_wconf 88' lang='lat' dir='ltr'><strong>Aristotilcs</strong></span> <span class='ocrx_word' id='word_1_305' title='bbox 1135 2765 1331 2807; x_wconf 88' lang='lat' dir='ltr'><strong>Platonis</strong></span> <span class='ocrx_word' id='word_1_306' title='bbox 1360 2766 1546 2806; x_wconf 85' lang='lat' dir='ltr'><strong>auditor.</strong></span> <span class='ocrx_word' id='word_1_307' title='bbox 1611 2765 1670 2806; x_wconf 84' lang='lat' dir='ltr'><strong>Et</strong></span> <span class='ocrx_word' id='word_1_308' title='bbox 1691 2766 1807 2820; x_wconf 86' lang='lat' dir='ltr'><strong>apud</strong></span> 
     </span>
    </p>
   </div>
   <div class='ocr_carea' id='block_1_4' title="bbox 529 2853 1546 2888">
    <p class='ocr_par' dir='ltr' id='par_1_5' title="bbox 529 2853 1546 2888">
     <span class='ocr_line' id='line_1_40' title="bbox 529 2853 1546 2888; baseline 0.003 -4"><span class='ocrx_word' id='word_1_309' title='bbox 529 2853 540 2871; x_wconf 83' lang='lat'>¹</span> <span class='ocrx_word' id='word_1_310' title='bbox 565 2853 638 2886; x_wconf 87' lang='lat' dir='ltr'><strong>MS.</strong></span> <span class='ocrx_word' id='word_1_311' title='bbox 658 2854 835 2887; x_wconf 84' lang='lat' dir='ltr'><strong>Ferctides</strong></span> <span class='ocrx_word' id='word_1_312' title='bbox 852 2857 955 2888; x_wconf 87' lang='lat' dir='ltr'><strong>Situs.</strong></span> <span class='ocrx_word' id='word_1_313' title='bbox 1234 2858 1246 2875; x_wconf 80' lang='lat'>²</span> <span class='ocrx_word' id='word_1_314' title='bbox 1272 2856 1343 2888; x_wconf 90' lang='lat' dir='ltr'><strong>MS.</strong></span> <span class='ocrx_word' id='word_1_315' title='bbox 1362 2856 1546 2888; x_wconf 83' lang='lat' dir='ltr'><strong>Sacratica.</strong></span> 
     </span>
    </p>
   </div>
  </div>
 </body>
</html>
