1904 3171
1057 128 1105 166 18

393 248 693 291 IMILITER
727 253 771 288 et
804 246 914 287 mira
947 244 1086 298 loquti
1116 249 1218 284 sunt
1251 243 1307 284 de
1340 253 1512 283 morum
1544 239 1774 281 honestate
1808 244 1853 279 et

393 326 674 374 peccatorum
725 317 905 358 honere.
994 315 1055 356 Et
1104 312 1333 367 distinguit
1375 308 1661 352 Aristotilesl
1713 309 1757 350 in
1806 308 1854 348 6⁰

302 388 462 431 Etlcice
503 388 622 443 quod
666 387 733 427 ‘in
771 385 891 427 omni
934 397 1093 438 genere
1128 381 1303 423 virtutis
1340 388 1405 423 est
1440 395 1527 422 una
1564 378 1776 421 naturalis
1809 383 1854 419 et

303 459 441 501 altera
464 473 542 514 per
559 457 903 511 acquisicionem
915 453 942 504 2,
958 461 1006 496 ut
1022 452 1266 494 invenimus
1286 465 1419 492 unum
1434 451 1660 492 hominem
1682 455 1854 490 castum

303 543 382 583 per
422 535 638 577 naturam,
681 532 725 567 et
769 526 996 575 audacem,
1040 529 1084 564 et
1127 523 1188 563 sic
1227 522 1282 562 de
1323 521 1417 563 aliis
1459 517 1724 562 virtutibus?
1793 519 1855 560 Et

303 599 501 641 similiter
532 599 576 638 in
608 597 694 638 fine
720 594 912 637 decimi3
943 593 1188 646 distinguit,
1213 594 1259 633 et
1290 592 1350 633 ibi
1382 592 1488 633 dicit
1519 590 1855 646 quodvirtutes

303 668 526 710 naturales
549 681 635 708 non
658 672 761 707 sunt
783 680 809 707 a
831 665 969 713 nobis,
992 670 1059 705 set
1082 677 1161 717 per
1181 663 1375 717 graciam
1398 662 1608 703 divinam.
1672 660 1856 715 Quanto

304 750 410 790 ergo
426 735 566 790 magis
587 735 773 776 virtutes
790 747 877 788 que
899 733 1194 787 acquiruntur,
1217 745 1303 785 que
1325 737 1428 772 sunt
1450 731 1582 786 longe
1607 730 1856 780 nobiliores,

305 806 505 858 quamvis
528 804 803 847 consuetudo
824 803 1012 845 accionis
1034 802 1216 843 virtuosi
1240 815 1314 843 eas
1343 807 1575 842 conservet
1606 806 1652 841 et
1677 801 1857 841 roboret

305 882 348 916 et
381 875 618 929 exprimat,
651 880 832 929 propter
863 874 984 927 quod
1026 871 1412 914 consuetudinales
1448 876 1674 919 vocantur,
1712 876 1757 912 et
1798 883 1858 910 ex

305 945 641 1002 operacionibus
674 944 837 986 nostris
870 944 1121 997 dependere
1152 943 1369 984 dicuntur.
1433 942 1494 983 Et
1525 955 1657 982 omne
1688 940 1857 982 bonum

304 1016 493 1057 hominis
535 1016 578 1055 in
615 1015 698 1055 hac
735 1013 838 1064 vita,
875 1020 919 1055 et
957 1012 1100 1055 solum
1138 1019 1306 1066 ponunt
1353 1012 1575 1063 virtutem,
1612 1011 1857 1053 secundum

305 1087 426 1141 quod
472 1084 646 1127 Tullius
686 1084 800 1125 libro
843 1083 913 1125 De
956 1083 1209 1125 Paradoxz's
1244 1079 1533 1136 jurejurando
1577 1080 1812 1124 confirmat
1827 1079 1859 1133 4,

305 1156 425 1211 quod
459 1168 685 1210 nunquam
717 1155 851 1196 ducet
883 1153 1053 1208 aliquid
1086 1154 1128 1194 in
1157 1153 1287 1195 bonis
1319 1153 1401 1194 nisi
1430 1152 1650 1201 virtutem,
1672 1146 1793 1206 quod
1814 1156 1859 1193 et

306 1227 570 1269 auctoritate
598 1225 726 1266 unius
758 1225 814 1266 de
844 1231 1016 1279 septem
1039 1223 1314 1278 sapientibus
1337 1222 1582 1264 confirmat.
1646 1221 1858 1277 Quicum

307 1311 462 1339 omnes
483 1297 539 1338 de
560 1296 668 1337 locis
692 1295 780 1338 suis
802 1294 1004 1348 fugerent
1027 1301 1209 1348 propter
1230 1299 1539 1348 expugnantes
1560 1306 1648 1340 eos,
1664 1292 1859 1334 dicentes

306 1367 345 1408 ei
374 1381 510 1421 quare
540 1379 629 1407 non
662 1379 730 1406 res
762 1379 863 1406 suas
894 1378 1045 1406 secum
1077 1363 1366 1418 transferret?
1399 1363 1540 1405 dixit:
1574 1362 1739 1405 Omnia
1761 1375 1861 1404 mea

308 1450 482 1477 mecum
506 1442 659 1490 porto:
693 1435 827 1477 nichil
849 1448 978 1476 suum
1005 1433 1223 1475 diffiniens
1246 1433 1326 1475 nisi
1346 1434 1567 1475 virtutem.

368 1507 429 1548 Et
463 1507 603 1548 eciam
636 1506 775 1547 virtus
810 1506 902 1546 vita
935 1505 1124 1546 hominis
1159 1510 1238 1546 est.
1302 1503 1421 1558 Quia
1462 1503 1632 1545 Seneca
1668 1503 1774 1544 dicit
1815 1503 1860 1544 in

308 1577 459 1631 primis
499 1577 724 1630 Epistolis,
768 1575 970 1616 homines
1013 1575 1135 1630 prius
1178 1574 1425 1615 moriuntur
1467 1587 1601 1627 quam
1648 1574 1860 1629 incipiant

307 1647 456 1688 vivere
474 1661 483 1698 ;
515 1646 701 1700 loquens
732 1646 788 1687 de
817 1645 886 1686 his
918 1645 992 1700 qui
1023 1646 1066 1686 in
1099 1645 1291 1699 peccatis
1321 1658 1366 1685 se
1388 1650 1609 1697 occupant
1631 1657 1771 1696 usque
1802 1643 1860 1685 ad

311 1724 500 1759 mortem
542 1717 802 1758 naturalem.
888 1716 1021 1758 Unde
1061 1715 1284 1770 Apuleius
1325 1714 1627 1755 nobilissimus
1670 1714 1713 1754 in
1749 1713 1862 1754 libro

308 1787 377 1827 De
406 1786 498 1828 Deo
527 1786 724 1827 Socratis
754 1786 1000 1827 admiratur
1032 1785 1162 1826 nimis
1196 1784 1316 1838 quod
1350 1784 1552 1826 homines
1585 1797 1673 1824 non
1708 1790 1862 1825 curant

309 1857 480 1898 animas
502 1870 604 1898 suas
632 1863 680 1898 ut
702 1857 868 1906 vivant,
892 1862 936 1897 et
958 1857 1019 1897 ait
1035 1854 1076 1896 6:
1109 1855 1282 1897 ‘Nichil
1305 1868 1416 1909 eque
1439 1855 1573 1895 miror
1595 1867 1730 1908 quam
1760 1867 1860 1895 cum

310 1940 464 1968 omnes
486 1926 665 1980 cupiant
687 1926 858 1980 optime
879 1926 1035 1976 vivere,
1058 1931 1102 1967 et
1123 1926 1265 1966 sciant
1288 1938 1375 1966 non
1398 1924 1439 1965 in
1469 1924 1556 1966 alia
1584 1938 1628 1965 re
1655 1937 1789 1978 quam
1818 1924 1862 1964 in

311 1998 461 2038 animo
502 1997 602 2047 vivi,
645 2010 724 2038 nec
758 1996 851 2037 fieri
887 2010 1017 2050 posse
1053 1996 1173 2049 quin,
1211 2001 1259 2036 ut
1293 1995 1461 2049 optime
1494 1995 1658 2047 vivant,
1691 1994 1862 2035 animus

311 2067 519 2109 colendus
552 2067 620 2118 sit,
656 2074 807 2108 tamen
847 2067 1045 2107 animum
1088 2079 1216 2107 suum
1254 2080 1342 2106 non
1378 2065 1537 2107 colant.
1598 2064 1664 2106 At
1695 2064 1730 2106 si
1763 2064 1863 2118 quis

310 2137 416 2179 velit
451 2137 610 2178 acute⁶
646 2150 833 2188 cernere,
870 2136 986 2178 oculi
1019 2136 1200 2178 curandi
1235 2143 1365 2187 sunt;
1408 2136 1443 2177 si
1484 2135 1589 2176 velis
1631 2134 1864 2188 perniciter

312 2222 496 2256 currere,
520 2207 656 2261 pedes
679 2207 861 2248 curandi
883 2213 998 2248 sunt.
1040 2244 1043 2246 ,
1064 2205 1275 2248 Similiter
1298 2219 1442 2259 neque
1461 2205 1617 2247 ceteris
1640 2204 1863 2256 membris,

312 2292 391 2319 sua
426 2278 583 2331 cuique
620 2291 723 2319 cura
758 2284 836 2318 est.
900 2276 1034 2330 Quod
1074 2289 1173 2317 cum
1207 2290 1360 2318 omnes
1393 2268 1534 2317 facie⁷
1567 2275 1863 2330 perspiciant3

313 2346 492 2388 nescio8
535 2347 642 2388 satis
685 2361 857 2387 mecum
896 2353 1115 2400 reputare,
1152 2336 1456 2397 et'admirarss
1493 2358 1569 2387 cur
1601 2358 1687 2386 non
1721 2344 1860 2386 eciam

313 2417 512 2458 animum
545 2431 672 2457 suum
707 2418 880 2458 racione
913 2416 1132 2457 excolant.
1196 2415 1295 2470 Que
1329 2416 1509 2470 quidem
1543 2415 1661 2456 racio
1688 2413 1862 2456 vivendi

314 2486 553 2528 omnibus⁹
586 2500 697 2540 eque
737 2487 994 2535 necessaria,
1027 2500 1113 2527 non
1148 2486 1264 2527 racio
1303 2484 1589 2540 pangendi¹⁰‚
1621 2498 1708 2526 non
1745 2484 1864 2525 racio

314 2555 560 2612 psallendi;
583 2588 591 2596 .
615 2588 623 2596 .
649 2589 657 2597 .
681 2564 724 2598 et
747 2557 863 2597 idem
889 2557 931 2596 in
954 2557 1110 2597 ceteris
1143 2557 1326 2606 artibus,
1349 2570 1402 2596 ne
1425 2569 1579 2596 omnes
1607 2567 1863 2610 prosequar,

357 2643 369 2662 ¹
395 2643 516 2685 Etln'cs,
534 2644 578 2675 vi.
603 2654 650 2683 19⁷
671 2655 690 2674 a
710 2644 887 2684 quotation
907 2649 967 2676 not
983 2644 1070 2676 from
1087 2644 1146 2675 the
1165 2648 1240 2675 text
1266 2643 1305 2675 os
1324 2643 1489 2675 Aristotle
1515 2643 1574 2675 but
1602 2643 1661 2674 the
1684 2642 1864 2673 Commen-

317 2701 394 2736 tary
412 2696 450 2727 of
462 2697 634 2727 Averroes
651 2707 696 2727 on
715 2696 749 2727 it.

359 2747 372 2765 ²
397 2748 471 2780 MS.
489 2749 738 2780 accisicionem.
832 2748 843 2766 ³
868 2748 1003 2787 Etln‘cis,
1020 2759 1052 2779 x.
1071 2759 1102 2789 9.
1120 2749 1153 2779 in
1172 2748 1363 2780 Comment.
1382 2747 1486 2780 Aver.
1581 2746 1594 2766 ⁴
1616 2745 1822 2778 Paradoxon
1840 2745 1861 2777 i.

359 2800 371 2818 ⁵
397 2812 428 2841 p.
451 2812 505 2841 77,
523 2801 575 2832 ed.
596 2811 693 2841 1594.
814 2800 826 2818 ⁶
848 2801 973 2832 acriter
989 2801 1088 2833 Text.
1196 2799 1205 2817 ⁷
1230 2800 1330 2832 sacile
1347 2800 1446 2832 Text.
1549 2798 1561 2817 ⁸
1584 2809 1721 2840 nequeo
1740 2798 1837 2830 Text.

358 2853 370 2871 ⁹
396 2853 468 2884 MS.
490 2855 648 2884 eundem.
785 2852 810 2872 ¹⁰
836 2853 998 2893 pingendi
1015 2853 1115 2885 Text.
