1904 3171
1033 124 1087 161 26

289 243 470 286 tissime.
548 242 647 283 Tua
693 240 807 282 enim
850 240 996 294 gracia
1039 244 1212 280 tantum
1256 250 1407 278 sumus
1450 233 1721 289 cognicionis
1763 238 1838 275 tue

290 314 456 355 lumine
486 310 723 355 consecuti.
787 310 827 352 O
851 323 1013 351 nomen
1036 315 1237 349 sanctum
1262 313 1306 348 et
1331 305 1653 355 honorandum,
1676 314 1839 344 nomen

290 397 440 433 unum,
482 396 571 437 quo
621 381 739 423 solus
786 380 909 420 Deus
959 383 1026 419 est
1074 377 1334 418 benedictus
1385 375 1597 429 religione
1643 378 1841 428 paterna,

289 453 499 507 quoniam
517 451 722 492 omnibus
740 456 969 503 paternam
986 447 1213 502 pietatem,
1226 453 1270 488 et
1285 445 1559 500 religionem,
1574 449 1617 485 et
1632 455 1842 492 amorem,

291 531 336 564 et
377 535 635 577 quecunque
676 526 778 561 sunt
819 518 987 560 dulcior
1023 517 1231 565 efficacia,
1269 516 1452 571 prebere
1496 513 1714 569 dignaris!
1779 512 1842 554 Et

291 594 429 635 donas
462 606 542 633 nos
573 604 715 642 sensu,
745 589 930 637 racione,
964 587 1272 641 intelligencia.
1336 585 1491 637 Sensu,
1521 592 1570 626 ut
1601 590 1648 638 te
1677 595 1841 636 cogno-

291 675 493 703 scamus:
524 661 710 708 racione,
733 664 781 699 ut
804 664 848 699 te
877 657 1197 711 suspicionibus
1228 656 1502 710 indigemus:
1536 651 1843 707 intelligencia,

293 737 341 773 ut
365 737 408 772 te
429 729 740 784 cognoscendo
763 728 1050 782 gaudeamus,
1072 740 1123 768 ac
1149 726 1327 767 numine
1354 732 1433 766 tuo
1465 723 1621 766 salvati
1648 723 1844 778 gaudea-

294 815 405 851 mus,
426 800 546 854 quod
578 805 622 840 te
652 798 777 840 nobis
810 798 1056 838 ostenderis
1087 803 1248 838 totum.
1315 794 1587 844 Gaudemus,
1612 793 1732 847 quod
1762 805 1844 833 nos
1900 800 1904 837 ἦ

294 871 338 912 in
367 869 626 925 corporibus
657 869 765 910 sitos
794 867 1017 909 eternitati
1040 866 1172 907 fueris
1202 879 1459 907 consecrare
1475 864 1693 917 dignatus.
1743 862 1846 903 Hoc

294 941 410 981 enim
439 944 506 979 est
535 938 730 980 humana
758 937 851 979 sola
885 936 1143 991 gratulacio‚
1166 942 1241 977 tue
1263 935 1464 989 cognicio
1488 931 1746 987 majestatis.
1769 961 1779 972 .
1805 963 1813 972 .
1835 964 1844 972 .

298 1011 339 1053 O
362 1010 453 1051 vite
474 1023 578 1051 vera
600 1008 715 1050 vita!
778 1007 819 1049 O
853 1014 1110 1048 naturarum
1142 1006 1341 1048 omnium
1374 1004 1564 1046 fecunda
1594 1000 1846 1058 pregnacio.

296 1113 306 1123 .
339 1112 347 1121 .
382 1111 391 1120 .
414 1079 718 1133 Cognovimus
750 1083 806 1127 te,
839 1083 990 1118 eterna
1021 1076 1336 1130 persevera‘cio,
1369 1075 1414 1116 in
1445 1073 1566 1115 omni
1598 1073 1731 1128 igitur
1762 1071 1847 1112 ista

295 1150 512 1200 oracione,
543 1150 780 1191 adorantes
811 1148 980 1189 bonum
1012 1147 1226 1189 bonitatis
1259 1152 1344 1197 tue,
1367 1145 1450 1187 hoc
1481 1149 1657 1186 tantum
1676 1141 1846 1195 ‘depre-

299 1234 464 1272 camur,
485 1226 534 1261 ut
557 1233 637 1260 nos
658 1218 768 1260 velis
788 1232 960 1260 servare
984 1222 1314 1272 perseverantes
1336 1217 1380 1257 in
1408 1228 1557 1256 amore
1578 1210 1848 1267 cognicionis

298 1297 389 1340 tue,
412 1297 456 1331 et
482 1303 709 1344 nunquam
737 1289 794 1330 ab
819 1288 903 1329 hoc
927 1288 1017 1329 vite
1045 1301 1205 1342 genere
1234 1285 1438 1340 separari.
1503 1284 1602 1326 Hec
1631 1287 1850 1337 optantes,

299 1361 597 1403 convertimus
620 1374 700 1401 nos
717 1360 774 1401 ad
792 1372 947 1414 puram
971 1365 1015 1400 et
1032 1358 1123 1399 sine
1140 1356 1406 1398 animalibus
1423 1351 1603 1397 cenam.’
1651 1353 1849 1394 Transeo

299 1433 356 1473 de
386 1429 690 1472 oblacionibus
719 1435 764 1471 et
785 1428 1005 1470 sacrificiis
1036 1435 1081 1470 et
1108 1427 1204 1469 aliis
1234 1426 1362 1469 dictis
1390 1425 1495 1480 quia
1521 1423 1702 1477 longum
1734 1426 1849 1463 esset

301 1501 383 1543 hoc
406 1500 618 1542 evolvere.

362 1571 467 1613 Post
487 1585 591 1612 vero
615 1575 782 1612 statuta
811 1569 923 1611 circa
953 1568 1120 1611 cultum
1149 1568 1346 1610 divinum
1376 1567 1579 1609 ordinant
1609 1569 1779 1607 statuta
1806 1567 1850 1603 et

303 1641 422 1696 leges
456 1641 686 1682 hominum
721 1639 834 1681 inter
865 1654 924 1681 se.
987 1639 1047 1681 Et
1079 1639 1221 1693 primo
1254 1644 1434 1693 propter
1464 1636 1652 1679 salutem
1689 1631 1850 1688 speciei

303 1718 348 1753 et
400 1710 814 1764 multiplicacionem
864 1709 1189 1750 individuorum
1235 1709 1345 1750 dant
1391 1708 1511 1762 leges
1557 1703 1763 1759 conjugii,
1807 1708 1851 1744 et

303 1787 470 1823 statum
527 1781 755 1834 quomodo
814 1779 978 1821 habent
1029 1779 1133 1829 fieri,
1182 1785 1225 1820 et
1284 1777 1473 1832 qualiter
1531 1775 1854 1830 impedimenta

304 1857 603 1893 amoveantur.
668 1850 729 1891 Et
777 1849 985 1903 precipue
1027 1849 1146 1903 quod
1189 1862 1214 1889 a
1260 1846 1511 1890 civitatibus
1556 1843 1854 1886 excludantur

306 1922 594 1963 fornicatores
645 1927 688 1962 et
742 1920 978 1969 zodomite,
1029 1919 1104 1973 qui
1155 1919 1368 1960 inducunt
1426 1915 1692 1958 contrarium
1751 1926 1853 1955 con-

307 1991 542 2034 struccioni
573 1990 774 2040 civitatis,
805 1990 1037 2044 ‘quoniam
1070 1989 1298 2031 retrahunt
1329 1988 1531 2028 homines
1560 1986 1617 2026 ab
1648 1998 1702 2025 eo
1731 1982 1853 2037 quod

309 2062 464 2104 melius
494 2069 560 2104 est
589 2062 631 2102 in
658 2062 846 2111 civitate,
874 2060 1053 2112 scilicet,
1083 2055 1318 2112 conjugio‚'
1342 2065 1391 2100 ut
1418 2053 1678 2098 Avicenna¹
1707 2060 1752 2095 et
1779 2052 1854 2094 alii

309 2133 472 2174 volunt.

370 2203 544 2243 Deinde
566 2202 827 2243 ordinantur
848 2200 969 2254 leges
990 2200 1232 2252 secundum
1254 2212 1364 2252 quas
1387 2197 1518 2239 debet
1540 2192 1855 2250 paterfamilias

311 2273 454 2314 vivere
477 2272 519 2312 in
542 2272 753 2327 regimine
772 2271 908 2325 prolis
927 2277 971 2312 et
989 2269 1164 2320 familie,
1182 2276 1226 2311 et
1249 2269 1367 2324 leges
1385 2273 1493 2321 quas
1516 2265 1671 2321 prelati
1693 2265 1857 2305 debent

312 2343 473 2383 habere
522 2342 578 2382 ad
631 2342 846 2392 subditos,
892 2341 1099 2382 dominus
1145 2340 1213 2381 ad'
1252 2353 1411 2388 servos,
1453 2344 1498 2379 et
1551 2334 1749 2390 magistri
1799 2333 1856 2375 ad

313 2411 562 2466 discipulos,
600 2417 644 2453 et
680 2411 870 2453 artifices
906 2418 999 2453 tam
1043 2411 1085 2451 in
1129 2410 1393 2452 mechanicis
1434 2409 1601 2451 artibus
1642 2418 1775 2460 quarn
1813 2404 1856 2445 in

313 2481 580 2523 liberalibus.
638 2481 698 2522 Et
730 2481 889 2522 deinde
926 2482 1057 2523 docet
1089 2486 1283 2522 statuere
1315 2477 1579 2534 patrimonia
1614 2482 1658 2518 et
1689 2474 1858 2517 heredi-

316 2558 430 2593 tates
461 2558 504 2593 et
536 2557 827 2600 testamenta3
867 2551 970 2604 quia
1002 2550 1232 2592 Avicenna
1265 2548 1401 2591 dicit2
1431 2547 1550 2603 quod
1583 2544 1859 2589 ‘substancia

317 2622 559 2663 necessaria
594 2621 683 2661 vite
717 2622 879 2674 partim
916 2627 983 2662 est
1015 2635 1174 2670 ramus,
1207 2620 1365 2674 partim
1403 2618 1542 2660 radix.
1605 2604 1695 2658 Sed
1732 2614 1858 2656 radix

316 2698 383 2733 est
406 2691 734 2746 patrimonium,
760 2698 804 2732 et
832 2691 998 2744 aliquid
1029 2691 1149 2745 quod
1179 2697 1245 2731 est
1275 2704 1332 2731 ex
1361 2694 1631 2731 testamento
1660 2686 1855 2740 legatum

317 2769 360 2803 ct
383 2763 552 2810 datum,
578 2776 635 2803 ex
658 2761 818 2815 quibus
839 2761 977 2802 tribus
1000 2761 1219 2802 radicibus
1245 2760 1407 2801 firmior
1428 2766 1494 2800 est
1516 2753 1857 2812 patrimonium.'

692 2847 702 2865 ¹
726 2848 823 2882 Avic.
841 2848 917 2881 Met.
936 2854 958 2881 t.
973 2860 1004 2882 x.
1023 2860 1050 2882 c.
1064 2861 1092 2888 4.
1318 2849 1330 2867 ²
1354 2847 1418 2880 loc.
1437 2848 1490 2880 cit.
