<?xml version="1.0" encoding="UTF-8"?>
<!DOCTYPE html PUBLIC "-//W3C//DTD XHTML 1.0 Transitional//EN"
    "http://www.w3.org/TR/xhtml1/DTD/xhtml1-transitional.dtd">
<html xmlns="http://www.w3.org/1999/xhtml" xml:lang="en" lang="en">
 <head>
  <title>
</title>
<meta http-equiv="Content-Type" content="text/html;charset=utf-8" />
  <meta name='ocr-system' content='tesseract 3.04.00' />
  <meta name='ocr-capabilities' content='ocr_page ocr_carea ocr_par ocr_line ocrx_word'/>
</head>
<body>
  <div class='ocr_page' id='page_1' title='image "./operahactenusine01baco_0028.png"; bbox 0 0 1904 3171; ppageno 0'>
   <div class='ocr_carea' id='block_1_1' title="bbox 143 414 266 446">
    <p class='ocr_par' dir='ltr' id='par_1_1' title="bbox 143 414 266 446">
     <span class='ocr_line' id='line_1_1' title="bbox 143 414 266 446; baseline 0.008 -10"><span class='ocrx_word' id='word_1_1' title='bbox 143 414 266 446; x_wconf 87' lang='lat' dir='ltr'><strong>25a2.</strong></span> 
     </span>
    </p>
   </div>
   <div class='ocr_carea' id='block_1_2' title="bbox 1036 155 1083 191">
    <p class='ocr_par' dir='ltr' id='par_1_2' title="bbox 1036 155 1083 191">
     <span class='ocr_line' id='line_1_2' title="bbox 1036 155 1083 191; baseline 0 0"><span class='ocrx_word' id='word_1_2' title='bbox 1036 155 1083 191; x_wconf 81' lang='lat'><strong>14</strong></span> 
     </span>
    </p>
   </div>
   <div class='ocr_carea' id='block_1_3' title="bbox 285 253 1833 660">
    <p class='ocr_par' dir='ltr' id='par_1_3' title="bbox 285 253 1833 660">
     <span class='ocr_line' id='line_1_3' title="bbox 287 253 1832 312; baseline 0.001 -16"><span class='ocrx_word' id='word_1_3' title='bbox 287 256 461 298; x_wconf 89' lang='lat' dir='ltr'><strong>incertis</strong></span> <span class='ocrx_word' id='word_1_4' title='bbox 487 262 757 312; x_wconf 81' lang='lat' dir='ltr'><strong>prospector,</strong></span> <span class='ocrx_word' id='word_1_5' title='bbox 780 257 822 297; x_wconf 91' lang='lat' dir='ltr'><strong>in</strong></span> <span class='ocrx_word' id='word_1_6' title='bbox 855 256 1000 297; x_wconf 88' lang='lat' dir='ltr'><strong>dubiis</strong></span> <span class='ocrx_word' id='word_1_7' title='bbox 1029 257 1315 310; x_wconf 81' lang='lat' dir='ltr'><strong>premonitor,</strong></span> <span class='ocrx_word' id='word_1_8' title='bbox 1338 256 1593 311; x_wconf 81' lang='lat' dir='ltr'><strong>periculosis</strong></span> <span class='ocrx_word' id='word_1_9' title='bbox 1619 262 1789 299; x_wconf 87' lang='lat' dir='ltr'><strong>tutator</strong></span> <span class='ocrx_word' id='word_1_10' title='bbox 1802 253 1832 305; x_wconf 84' lang='lat'><strong>¹,</strong></span> 
     </span>
     <span class='ocr_line' id='line_1_4' title="bbox 287 325 1832 380; baseline -0.001 -13"><span class='ocrx_word' id='word_1_11' title='bbox 287 327 437 380; x_wconf 82' lang='lat' dir='ltr'><strong>egenis</strong></span> <span class='ocrx_word' id='word_1_12' title='bbox 459 327 713 380; x_wconf 81' lang='lat' dir='ltr'>opitulator,</span> <span class='ocrx_word' id='word_1_13' title='bbox 728 326 803 379; x_wconf 90' lang='lat' dir='ltr'><strong>qui</strong></span> <span class='ocrx_word' id='word_1_14' title='bbox 824 326 905 367; x_wconf 91' lang='lat' dir='ltr'><strong>tibi</strong></span> <span class='ocrx_word' id='word_1_15' title='bbox 923 332 1056 379; x_wconf 82' lang='lat' dir='ltr'><strong>queat</strong></span> <span class='ocrx_word' id='word_1_16' title='bbox 1077 333 1173 367; x_wconf 90' lang='lat' dir='ltr'><strong>turn</strong></span> <span class='ocrx_word' id='word_1_17' title='bbox 1196 326 1237 366; x_wconf 91' lang='lat' dir='ltr'><strong>in</strong></span> <span class='ocrx_word' id='word_1_18' title='bbox 1259 327 1483 380; x_wconf 84' lang='lat' dir='ltr'><strong>sompniis,</strong></span> <span class='ocrx_word' id='word_1_19' title='bbox 1501 333 1595 368; x_wconf 91' lang='lat' dir='ltr'><strong>tum</strong></span> <span class='ocrx_word' id='word_1_20' title='bbox 1618 326 1662 368; x_wconf 91' lang='lat' dir='ltr'><strong>in</strong></span> <span class='ocrx_word' id='word_1_21' title='bbox 1683 325 1832 380; x_wconf 88' lang='lat' dir='ltr'><strong>signis,</strong></span> 
     </span>
     <span class='ocr_line' id='line_1_5' title="bbox 287 393 1830 452; baseline -0.001 -14"><span class='ocrx_word' id='word_1_22' title='bbox 287 403 382 438; x_wconf 86' lang='lat' dir='ltr'><strong>tum</strong></span> <span class='ocrx_word' id='word_1_23' title='bbox 398 410 546 438; x_wconf 90' lang='lat' dir='ltr'><strong>coram</strong></span> <span class='ocrx_word' id='word_1_24' title='bbox 564 410 663 438; x_wconf 90' lang='lat' dir='ltr'><strong>curn</strong></span> <span class='ocrx_word' id='word_1_25' title='bbox 683 410 785 437; x_wconf 90' lang='lat' dir='ltr'><strong>usus</strong></span> <span class='ocrx_word' id='word_1_26' title='bbox 802 395 998 449; x_wconf 86' lang='lat' dir='ltr'><strong>postulat</strong></span> <span class='ocrx_word' id='word_1_27' title='bbox 1017 395 1132 436; x_wconf 90' lang='lat' dir='ltr'><strong>mala</strong></span> <span class='ocrx_word' id='word_1_28' title='bbox 1148 393 1152 451; x_wconf 87' lang='grc' dir='ltr'>Ι</span> <span class='ocrx_word' id='word_1_29' title='bbox 1170 401 1429 446; x_wconf 87' lang='lat' dir='ltr'><strong>attruncare,</strong></span> <span class='ocrx_word' id='word_1_30' title='bbox 1444 396 1561 437; x_wconf 91' lang='lat' dir='ltr'><strong>bona</strong></span> <span class='ocrx_word' id='word_1_31' title='bbox 1582 409 1830 452; x_wconf 89' lang='lat' dir='ltr'><strong>properare,</strong></span> 
     </span>
     <span class='ocr_line' id='line_1_6' title="bbox 285 464 1833 516; baseline 0 -9"><span class='ocrx_word' id='word_1_32' title='bbox 285 466 470 507; x_wconf 88' lang='lat' dir='ltr'><strong>humilia</strong></span> <span class='ocrx_word' id='word_1_33' title='bbox 498 466 750 516; x_wconf 81' lang='lat' dir='ltr'><strong>sublimare,</strong></span> <span class='ocrx_word' id='word_1_34' title='bbox 781 464 1017 506; x_wconf 79' lang='lat' dir='ltr'><strong>nutancia2</strong></span> <span class='ocrx_word' id='word_1_35' title='bbox 1040 464 1201 515; x_wconf 88' lang='lat' dir='ltr'><strong>fulcire,</strong></span> <span class='ocrx_word' id='word_1_36' title='bbox 1224 464 1410 507; x_wconf 86' lang='lat' dir='ltr'><strong>obscura</strong></span> <span class='ocrx_word' id='word_1_37' title='bbox 1438 466 1611 515; x_wconf 83' lang='lat' dir='ltr'><strong>clarere,</strong></span> <span class='ocrx_word' id='word_1_38' title='bbox 1639 466 1833 508; x_wconf 88' lang='lat' dir='ltr'><strong>secunda</strong></span> 
     </span>
     <span class='ocr_line' id='line_1_7' title="bbox 285 532 1832 591; baseline 0 -14"><span class='ocrx_word' id='word_1_39' title='bbox 285 550 446 591; x_wconf 89' lang='lat' dir='ltr'><strong>regere,</strong></span> <span class='ocrx_word' id='word_1_40' title='bbox 477 536 662 577; x_wconf 87' lang='lat' dir='ltr'><strong>adversa</strong></span> <span class='ocrx_word' id='word_1_41' title='bbox 692 532 932 589; x_wconf 86' lang='lat' dir='ltr'><strong>corrigere.&#39;</strong></span> <span class='ocrx_word' id='word_1_42' title='bbox 1012 534 1219 589; x_wconf 88' lang='lat' dir='ltr'><strong>Longum</strong></span> <span class='ocrx_word' id='word_1_43' title='bbox 1250 541 1365 576; x_wconf 89' lang='lat' dir='ltr'><strong>esset</strong></span> <span class='ocrx_word' id='word_1_44' title='bbox 1395 549 1595 577; x_wconf 78' lang='lat' dir='ltr'><strong>enarrare</strong></span> <span class='ocrx_word' id='word_1_45' title='bbox 1627 550 1712 590; x_wconf 89' lang='lat' dir='ltr'><strong>que</strong></span> <span class='ocrx_word' id='word_1_46' title='bbox 1749 536 1832 577; x_wconf 91' lang='lat' dir='ltr'><strong>iste</strong></span> 
     </span>
     <span class='ocr_line' id='line_1_8' title="bbox 285 604 1831 660; baseline 0.001 -13"><span class='ocrx_word' id='word_1_47' title='bbox 285 611 328 647; x_wconf 93' lang='lat' dir='ltr'><strong>et</strong></span> <span class='ocrx_word' id='word_1_48' title='bbox 361 606 435 647; x_wconf 89' lang='lat' dir='ltr'><strong>alii</strong></span> <span class='ocrx_word' id='word_1_49' title='bbox 468 605 720 660; x_wconf 83' lang='lat' dir='ltr'>philosophi</span> <span class='ocrx_word' id='word_1_50' title='bbox 758 604 956 646; x_wconf 88' lang='lat' dir='ltr'><strong>infideles</strong></span> <span class='ocrx_word' id='word_1_51' title='bbox 992 605 1146 646; x_wconf 91' lang='lat' dir='ltr'><strong>dicunt</strong></span> <span class='ocrx_word' id='word_1_52' title='bbox 1182 604 1239 645; x_wconf 92' lang='lat' dir='ltr'><strong>de</strong></span> <span class='ocrx_word' id='word_1_53' title='bbox 1275 605 1454 660; x_wconf 83' lang='lat' dir='ltr'><strong>angelis.</strong></span> <span class='ocrx_word' id='word_1_54' title='bbox 1521 605 1581 648; x_wconf 92' lang='lat' dir='ltr'><strong>Et</strong></span> <span class='ocrx_word' id='word_1_55' title='bbox 1613 606 1713 657; x_wconf 88' lang='lat' dir='ltr'><strong>ideo</strong></span> <span class='ocrx_word' id='word_1_56' title='bbox 1746 606 1831 648; x_wconf 89' lang='lat' dir='ltr'><strong>hoc</strong></span> 
     </span>
    </p>
   </div>
   <div class='ocr_carea' id='block_1_4' title="bbox 285 674 672 717">
    <p class='ocr_par' dir='ltr' id='par_1_4' title="bbox 285 674 672 717">
     <span class='ocr_line' id='line_1_9' title="bbox 285 674 672 717; baseline -0.003 -1"><span class='ocrx_word' id='word_1_57' title='bbox 285 676 418 717; x_wconf 91' lang='lat' dir='ltr'><strong>modo</strong></span> <span class='ocrx_word' id='word_1_58' title='bbox 440 674 672 717; x_wconf 89' lang='lat' dir='ltr'><strong>sufficiant.</strong></span> 
     </span>
    </p>
   </div>
   <div class='ocr_carea' id='block_1_5' title="bbox 275 810 1832 2758">
    <p class='ocr_par' dir='ltr' id='par_1_5' title="bbox 411 810 1830 866">
     <span class='ocr_line' id='line_1_10' title="bbox 411 810 1830 866; baseline 0.001 -14"><span class='ocrx_word' id='word_1_59' title='bbox 411 811 450 852; x_wconf 89' lang='lat' dir='ltr'><strong>E</strong></span> <span class='ocrx_word' id='word_1_60' title='bbox 483 810 693 852; x_wconf 88' lang='lat' dir='ltr'><strong>felicitate</strong></span> <span class='ocrx_word' id='word_1_61' title='bbox 724 817 873 852; x_wconf 90' lang='lat' dir='ltr'><strong>autem</strong></span> <span class='ocrx_word' id='word_1_62' title='bbox 900 811 1078 865; x_wconf 85' lang='lat' dir='ltr'><strong>copiose</strong></span> <span class='ocrx_word' id='word_1_63' title='bbox 1104 810 1238 853; x_wconf 90' lang='lat' dir='ltr'><strong>locuti</strong></span> <span class='ocrx_word' id='word_1_64' title='bbox 1272 816 1388 862; x_wconf 88' lang='lat' dir='ltr'><strong>sunt,</strong></span> <span class='ocrx_word' id='word_1_65' title='bbox 1421 816 1466 852; x_wconf 91' lang='lat' dir='ltr'><strong>et</strong></span> <span class='ocrx_word' id='word_1_66' title='bbox 1498 811 1597 853; x_wconf 93' lang='lat' dir='ltr'><strong>dico</strong></span> <span class='ocrx_word' id='word_1_67' title='bbox 1629 813 1685 854; x_wconf 94' lang='lat' dir='ltr'><strong>de</strong></span> <span class='ocrx_word' id='word_1_68' title='bbox 1715 827 1830 866; x_wconf 85' lang='lat' dir='ltr'><strong>vera,</strong></span> 
     </span>
    </p>

    <p class='ocr_par' dir='ltr' id='par_1_6' title="bbox 275 881 1832 2758">
     <span class='ocr_line' id='line_1_11' title="bbox 410 881 1832 936; baseline 0.002 -14"><span class='ocrx_word' id='word_1_69' title='bbox 410 895 498 923; x_wconf 90' lang='lat' dir='ltr'><strong>non</strong></span> <span class='ocrx_word' id='word_1_70' title='bbox 534 882 591 923; x_wconf 90' lang='lat' dir='ltr'><strong>de</strong></span> <span class='ocrx_word' id='word_1_71' title='bbox 625 881 854 935; x_wconf 88' lang='lat' dir='ltr'><strong>voluptate</strong></span> <span class='ocrx_word' id='word_1_72' title='bbox 892 881 1122 935; x_wconf 87' lang='lat' dir='ltr'><strong>Epicurea,</strong></span> <span class='ocrx_word' id='word_1_73' title='bbox 1153 895 1296 935; x_wconf 92' lang='lat' dir='ltr'><strong>neque</strong></span> <span class='ocrx_word' id='word_1_74' title='bbox 1332 881 1389 922; x_wconf 95' lang='lat' dir='ltr'><strong>de</strong></span> <span class='ocrx_word' id='word_1_75' title='bbox 1425 881 1564 932; x_wconf 92' lang='lat' dir='ltr'><strong>diciis,</strong></span> <span class='ocrx_word' id='word_1_76' title='bbox 1596 895 1738 936; x_wconf 88' lang='lat' dir='ltr'><strong>neque</strong></span> <span class='ocrx_word' id='word_1_77' title='bbox 1774 884 1832 925; x_wconf 92' lang='lat' dir='ltr'><strong>de</strong></span> 
     </span>
     <span class='ocr_line' id='line_1_12' title="bbox 283 950 1831 1006; baseline 0.001 -14"><span class='ocrx_word' id='word_1_78' title='bbox 283 951 535 1001; x_wconf 85' lang='lat' dir='ltr'><strong>honoribus,</strong></span> <span class='ocrx_word' id='word_1_79' title='bbox 558 965 701 1004; x_wconf 93' lang='lat' dir='ltr'><strong>neque</strong></span> <span class='ocrx_word' id='word_1_80' title='bbox 723 952 778 992; x_wconf 91' lang='lat' dir='ltr'><strong>de</strong></span> <span class='ocrx_word' id='word_1_81' title='bbox 799 951 998 1005; x_wconf 88' lang='lat' dir='ltr'><strong>pecunia,</strong></span> <span class='ocrx_word' id='word_1_82' title='bbox 1021 965 1165 1006; x_wconf 90' lang='lat' dir='ltr'><strong>neque</strong></span> <span class='ocrx_word' id='word_1_83' title='bbox 1195 953 1250 993; x_wconf 93' lang='lat' dir='ltr'><strong>de</strong></span> <span class='ocrx_word' id='word_1_84' title='bbox 1280 950 1412 1002; x_wconf 88' lang='lat' dir='ltr'><strong>fama,</strong></span> <span class='ocrx_word' id='word_1_85' title='bbox 1435 965 1579 1005; x_wconf 90' lang='lat' dir='ltr'><strong>neque</strong></span> <span class='ocrx_word' id='word_1_86' title='bbox 1600 952 1656 993; x_wconf 92' lang='lat' dir='ltr'><strong>de</strong></span> <span class='ocrx_word' id='word_1_87' title='bbox 1677 953 1831 1006; x_wconf 88' lang='lat' dir='ltr'><strong>gloria,</strong></span> 
     </span>
     <span class='ocr_line' id='line_1_13' title="bbox 282 1021 1831 1075; baseline 0.002 -12"><span class='ocrx_word' id='word_1_88' title='bbox 282 1029 350 1063; x_wconf 89' lang='lat' dir='ltr'><strong>set</strong></span> <span class='ocrx_word' id='word_1_89' title='bbox 382 1022 438 1063; x_wconf 88' lang='lat' dir='ltr'><strong>de</strong></span> <span class='ocrx_word' id='word_1_90' title='bbox 475 1021 548 1062; x_wconf 91' lang='lat' dir='ltr'><strong>illa</strong></span> <span class='ocrx_word' id='word_1_91' title='bbox 580 1021 791 1064; x_wconf 89' lang='lat' dir='ltr'><strong>felicitate</strong></span> <span class='ocrx_word' id='word_1_92' title='bbox 824 1036 912 1075; x_wconf 87' lang='lat' dir='ltr'><strong>qua</strong></span> <span class='ocrx_word' id='word_1_93' title='bbox 943 1022 1203 1064; x_wconf 87' lang='lat' dir='ltr'><strong>Aristotiles</strong></span> <span class='ocrx_word' id='word_1_94' title='bbox 1239 1023 1370 1064; x_wconf 89' lang='lat' dir='ltr'><strong>dicit:</strong></span> <span class='ocrx_word' id='word_1_95' title='bbox 1421 1022 1640 1064; x_wconf 85' lang='lat' dir='ltr'><strong>Homines</strong></span> <span class='ocrx_word' id='word_1_96' title='bbox 1677 1022 1831 1066; x_wconf 90' lang='lat' dir='ltr'><strong>beatos</strong></span> 
     </span>
     <span class='ocr_line' id='line_1_14' title="bbox 282 1091 1830 1149; baseline 0.001 -15"><span class='ocrx_word' id='word_1_97' title='bbox 282 1099 330 1134; x_wconf 92' lang='lat' dir='ltr'><strong>ut</strong></span> <span class='ocrx_word' id='word_1_98' title='bbox 352 1092 546 1147; x_wconf 78' lang='lat' dir='ltr'><strong>angelos,</strong></span> <span class='ocrx_word' id='word_1_99' title='bbox 561 1106 647 1146; x_wconf 91' lang='lat' dir='ltr'><strong>que</strong></span> <span class='ocrx_word' id='word_1_100' title='bbox 669 1099 734 1134; x_wconf 91' lang='lat' dir='ltr'><strong>est</strong></span> <span class='ocrx_word' id='word_1_101' title='bbox 757 1092 904 1134; x_wconf 89' lang='lat' dir='ltr'><strong>futura</strong></span> <span class='ocrx_word' id='word_1_102' title='bbox 927 1091 1124 1144; x_wconf 81' lang='lat' dir='ltr'><strong>felicitas,</strong></span> <span class='ocrx_word' id='word_1_103' title='bbox 1143 1092 1377 1147; x_wconf 84' lang='lat' dir='ltr'><strong>magnifice</strong></span> <span class='ocrx_word' id='word_1_104' title='bbox 1399 1093 1618 1135; x_wconf 84' lang='lat' dir='ltr'><strong>extollens</strong></span> <span class='ocrx_word' id='word_1_105' title='bbox 1635 1093 1830 1149; x_wconf 87' lang='lat' dir='ltr'><strong>philoso-</strong></span> 
     </span>
     <span class='ocr_line' id='line_1_15' title="bbox 284 1161 1830 1217; baseline 0.001 -15"><span class='ocrx_word' id='word_1_106' title='bbox 284 1161 446 1216; x_wconf 90' lang='lat' dir='ltr'><strong>phiam,</strong></span> <span class='ocrx_word' id='word_1_107' title='bbox 468 1169 516 1204; x_wconf 90' lang='lat' dir='ltr'><strong>ut</strong></span> <span class='ocrx_word' id='word_1_108' title='bbox 545 1163 608 1204; x_wconf 89' lang='lat' dir='ltr'><strong>ait</strong></span> <span class='ocrx_word' id='word_1_109' title='bbox 631 1162 941 1217; x_wconf 87' lang='lat' dir='ltr'><strong>Empedocles,</strong></span> <span class='ocrx_word' id='word_1_110' title='bbox 964 1175 1050 1216; x_wconf 89' lang='lat' dir='ltr'><strong>que</strong></span> <span class='ocrx_word' id='word_1_111' title='bbox 1079 1162 1121 1203; x_wconf 92' lang='lat' dir='ltr'><strong>in</strong></span> <span class='ocrx_word' id='word_1_112' title='bbox 1152 1162 1252 1203; x_wconf 90' lang='lat' dir='ltr'><strong>Deo</strong></span> <span class='ocrx_word' id='word_1_113' title='bbox 1284 1169 1328 1204; x_wconf 92' lang='lat' dir='ltr'><strong>et</strong></span> <span class='ocrx_word' id='word_1_114' title='bbox 1349 1176 1375 1203; x_wconf 86' lang='lat' dir='ltr'><strong>a</strong></span> <span class='ocrx_word' id='word_1_115' title='bbox 1398 1163 1498 1204; x_wconf 92' lang='lat' dir='ltr'><strong>Deo</strong></span> <span class='ocrx_word' id='word_1_116' title='bbox 1524 1169 1590 1204; x_wconf 89' lang='lat' dir='ltr'><strong>est</strong></span> <span class='ocrx_word' id='word_1_117' title='bbox 1611 1162 1830 1212; x_wconf 80' lang='lat' dir='ltr'><strong>habenda,</strong></span> 
     </span>
     <span class='ocr_line' id='line_1_16' title="bbox 283 1231 1832 1287; baseline 0.001 -14"><span class='ocrx_word' id='word_1_118' title='bbox 283 1233 525 1274; x_wconf 88' lang='lat' dir='ltr'><strong>secundum</strong></span> <span class='ocrx_word' id='word_1_119' title='bbox 555 1234 674 1287; x_wconf 88' lang='lat' dir='ltr'><strong>quod</strong></span> <span class='ocrx_word' id='word_1_120' title='bbox 697 1231 930 1274; x_wconf 88' lang='lat' dir='ltr'><strong>Avicenna</strong></span> <span class='ocrx_word' id='word_1_121' title='bbox 956 1234 1063 1274; x_wconf 85' lang='lat' dir='ltr'><strong>satis</strong></span> <span class='ocrx_word' id='word_1_122' title='bbox 1092 1233 1288 1274; x_wconf 79' lang='lat' dir='ltr'><strong>declarat</strong></span> <span class='ocrx_word' id='word_1_123' title='bbox 1314 1233 1358 1274; x_wconf 91' lang='lat' dir='ltr'><strong>in</strong></span> <span class='ocrx_word' id='word_1_124' title='bbox 1379 1232 1618 1275; x_wconf 73' lang='lat' dir='ltr'><strong>Radz‘cz‘bzts</strong></span> <span class='ocrx_word' id='word_1_125' title='bbox 1637 1233 1832 1276; x_wconf 79' lang='lat' dir='ltr'><strong>Moralz&#39;s</strong></span> 
     </span>
     <span class='ocr_line' id='line_1_17' title="bbox 280 1302 1828 1359; baseline 0.001 -15"><span class='ocrx_word' id='word_1_126' title='bbox 280 1302 568 1357; x_wconf 64' lang='lat' dir='ltr'><strong>Philosophia,</strong></span> <span class='ocrx_word' id='word_1_127' title='bbox 598 1308 642 1344; x_wconf 92' lang='lat' dir='ltr'><strong>et</strong></span> <span class='ocrx_word' id='word_1_128' title='bbox 673 1302 993 1357; x_wconf 78' lang='lat' dir='ltr'><strong>AlpharabiUS‚</strong></span> <span class='ocrx_word' id='word_1_129' title='bbox 1024 1310 1067 1344; x_wconf 90' lang='lat' dir='ltr'><strong>et</strong></span> <span class='ocrx_word' id='word_1_130' title='bbox 1098 1303 1171 1345; x_wconf 88' lang='lat' dir='ltr'><strong>alii</strong></span> <span class='ocrx_word' id='word_1_131' title='bbox 1202 1316 1356 1345; x_wconf 90' lang='lat' dir='ltr'><strong>omnes</strong></span> <span class='ocrx_word' id='word_1_132' title='bbox 1392 1304 1675 1353; x_wconf 88' lang='lat' dir='ltr'><strong>concordant,</strong></span> <span class='ocrx_word' id='word_1_133' title='bbox 1708 1305 1828 1359; x_wconf 88' lang='lat' dir='ltr'><strong>quod</strong></span> 
     </span>
     <span class='ocr_line' id='line_1_18' title="bbox 283 1370 1830 1431; baseline 0.001 -16"><span class='ocrx_word' id='word_1_134' title='bbox 283 1380 349 1415; x_wconf 90' lang='lat' dir='ltr'><strong>est</strong></span> <span class='ocrx_word' id='word_1_135' title='bbox 371 1374 414 1415; x_wconf 89' lang='lat' dir='ltr'><strong>in</strong></span> <span class='ocrx_word' id='word_1_136' title='bbox 436 1370 825 1431; x_wconf 88' lang='lat' dir='ltr'><strong>parti[ci]pacione</strong></span> <span class='ocrx_word' id='word_1_137' title='bbox 851 1373 1063 1415; x_wconf 89' lang='lat' dir='ltr'><strong>bonitatis</strong></span> <span class='ocrx_word' id='word_1_138' title='bbox 1093 1374 1253 1424; x_wconf 89' lang='lat' dir='ltr'><strong>divine,</strong></span> <span class='ocrx_word' id='word_1_139' title='bbox 1276 1374 1418 1428; x_wconf 87' lang='lat' dir='ltr'><strong>ipsam</strong></span> <span class='ocrx_word' id='word_1_140' title='bbox 1448 1376 1760 1429; x_wconf 87' lang='lat' dir='ltr'><strong>cognoscendo</strong></span> <span class='ocrx_word' id='word_1_141' title='bbox 1785 1382 1830 1417; x_wconf 90' lang='lat' dir='ltr'><strong>et</strong></span> 
     </span>
     <span class='ocr_line' id='line_1_19' title="bbox 279 1443 1830 1500; baseline 0.001 -15"><span class='ocrx_word' id='word_1_142' title='bbox 279 1445 484 1486; x_wconf 88' lang='lat' dir='ltr'><strong>amando.</strong></span> <span class='ocrx_word' id='word_1_143' title='bbox 547 1444 647 1484; x_wconf 91' lang='lat' dir='ltr'><strong>Hoc</strong></span> <span class='ocrx_word' id='word_1_144' title='bbox 680 1444 795 1485; x_wconf 92' lang='lat' dir='ltr'><strong>enim</strong></span> <span class='ocrx_word' id='word_1_145' title='bbox 828 1444 1018 1498; x_wconf 88' lang='lat' dir='ltr'><strong>probant</strong></span> <span class='ocrx_word' id='word_1_146' title='bbox 1049 1450 1094 1485; x_wconf 92' lang='lat' dir='ltr'><strong>et</strong></span> <span class='ocrx_word' id='word_1_147' title='bbox 1130 1445 1386 1486; x_wconf 89' lang='lat' dir='ltr'><strong>ostendunt.</strong></span> <span class='ocrx_word' id='word_1_148' title='bbox 1448 1443 1565 1498; x_wconf 80' lang='lat' dir='ltr'><strong>Quia</strong></span> <span class='ocrx_word' id='word_1_149' title='bbox 1604 1445 1830 1500; x_wconf 89' lang='lat' dir='ltr'><strong>appetitus</strong></span> 
     </span>
     <span class='ocr_line' id='line_1_20' title="bbox 282 1512 1828 1565; baseline 0.002 -10"><span class='ocrx_word' id='word_1_150' title='bbox 282 1520 441 1565; x_wconf 85' lang='lat' dir='ltr'><strong>noster,</strong></span> <span class='ocrx_word' id='word_1_151' title='bbox 481 1521 529 1556; x_wconf 93' lang='lat' dir='ltr'><strong>ut</strong></span> <span class='ocrx_word' id='word_1_152' title='bbox 562 1512 822 1556; x_wconf 85' lang='lat' dir='ltr'><strong>Aristotiles</strong></span> <span class='ocrx_word' id='word_1_153' title='bbox 859 1515 979 1565; x_wconf 84' lang='lat' dir='ltr'><strong>dicit,</strong></span> <span class='ocrx_word' id='word_1_154' title='bbox 1018 1515 1100 1556; x_wconf 89' lang='lat' dir='ltr'><strong>iret</strong></span> <span class='ocrx_word' id='word_1_155' title='bbox 1139 1515 1182 1555; x_wconf 90' lang='lat' dir='ltr'><strong>in</strong></span> <span class='ocrx_word' id='word_1_156' title='bbox 1221 1514 1442 1556; x_wconf 88' lang='lat' dir='ltr'><strong>infinitum</strong></span> <span class='ocrx_word' id='word_1_157' title='bbox 1480 1515 1562 1556; x_wconf 90' lang='lat' dir='ltr'><strong>nisi</strong></span> <span class='ocrx_word' id='word_1_158' title='bbox 1598 1522 1735 1557; x_wconf 87' lang='lat' dir='ltr'><strong>staret</strong></span> <span class='ocrx_word' id='word_1_159' title='bbox 1772 1517 1828 1558; x_wconf 84' lang='lat' dir='ltr'><strong>ad</strong></span> 
     </span>
     <span class='ocr_line' id='line_1_21' title="bbox 282 1584 1828 1639; baseline 0.001 -13"><span class='ocrx_word' id='word_1_160' title='bbox 282 1599 505 1626; x_wconf 90' lang='lat' dir='ltr'><strong>summum</strong></span> <span class='ocrx_word' id='word_1_161' title='bbox 523 1585 689 1626; x_wconf 91' lang='lat' dir='ltr'><strong>bonum</strong></span> <span class='ocrx_word' id='word_1_162' title='bbox 712 1585 837 1639; x_wconf 88' lang='lat' dir='ltr'><strong>cujus</strong></span> <span class='ocrx_word' id='word_1_163' title='bbox 859 1585 1157 1626; x_wconf 86' lang='lat' dir='ltr'><strong>immensitate</strong></span> <span class='ocrx_word' id='word_1_164' title='bbox 1179 1584 1411 1626; x_wconf 86' lang='lat' dir='ltr'><strong>claudatur</strong></span> <span class='ocrx_word' id='word_1_165' title='bbox 1431 1586 1578 1626; x_wconf 89' lang='lat' dir='ltr'><strong>anime</strong></span> <span class='ocrx_word' id='word_1_166' title='bbox 1595 1587 1828 1629; x_wconf 86' lang='lat' dir='ltr'><strong>racionalis</strong></span> 
     </span>
     <span class='ocr_line' id='line_1_22' title="bbox 283 1655 1828 1710; baseline 0.001 -14"><span class='ocrx_word' id='word_1_167' title='bbox 283 1656 559 1708; x_wconf 82' lang='lat' dir='ltr'><strong>desiderium,</strong></span> <span class='ocrx_word' id='word_1_168' title='bbox 580 1662 648 1697; x_wconf 90' lang='lat' dir='ltr'><strong>set</strong></span> <span class='ocrx_word' id='word_1_169' title='bbox 670 1656 894 1709; x_wconf 87' lang='lat' dir='ltr'><strong>appetitus</strong></span> <span class='ocrx_word' id='word_1_170' title='bbox 924 1661 967 1696; x_wconf 92' lang='lat' dir='ltr'><strong>et</strong></span> <span class='ocrx_word' id='word_1_171' title='bbox 996 1655 1260 1696; x_wconf 89' lang='lat' dir='ltr'><strong>desiderium</strong></span> <span class='ocrx_word' id='word_1_172' title='bbox 1291 1655 1451 1697; x_wconf 87' lang='lat' dir='ltr'><strong>summi</strong></span> <span class='ocrx_word' id='word_1_173' title='bbox 1480 1655 1586 1697; x_wconf 91' lang='lat' dir='ltr'><strong>boni</strong></span> <span class='ocrx_word' id='word_1_174' title='bbox 1616 1663 1828 1710; x_wconf 88' lang='lat' dir='ltr'><strong>sequntur</strong></span> 
     </span>
     <span class='ocr_line' id='line_1_23' title="bbox 281 1725 1828 1781; baseline 0.001 -14"><span class='ocrx_word' id='word_1_175' title='bbox 281 1726 598 1780; x_wconf 88' lang='lat' dir='ltr'><strong>cognicionem.</strong></span> <span class='ocrx_word' id='word_1_176' title='bbox 663 1725 949 1780; x_wconf 76' lang='lat' dir='ltr'><strong>Quapropter</strong></span> <span class='ocrx_word' id='word_1_177' title='bbox 970 1725 1119 1766; x_wconf 90' lang='lat' dir='ltr'><strong>anima</strong></span> <span class='ocrx_word' id='word_1_178' title='bbox 1141 1725 1277 1768; x_wconf 90' lang='lat' dir='ltr'><strong>habet</strong></span> <span class='ocrx_word' id='word_1_179' title='bbox 1298 1739 1566 1781; x_wconf 84' lang='lat' dir='ltr'><strong>cognoscere</strong></span> <span class='ocrx_word' id='word_1_180' title='bbox 1589 1732 1632 1767; x_wconf 89' lang='lat' dir='ltr'><strong>et</strong></span> <span class='ocrx_word' id='word_1_181' title='bbox 1655 1727 1828 1768; x_wconf 91' lang='lat' dir='ltr'><strong>deside-</strong></span> 
     </span>
     <span class='ocr_line' id='line_1_24' title="bbox 279 1795 1827 1850; baseline 0.001 -14"><span class='ocrx_word' id='word_1_182' title='bbox 279 1809 374 1836; x_wconf 91' lang='lat' dir='ltr'><strong>rare</strong></span> <span class='ocrx_word' id='word_1_183' title='bbox 391 1809 614 1836; x_wconf 90' lang='lat' dir='ltr'><strong>summum</strong></span> <span class='ocrx_word' id='word_1_184' title='bbox 630 1795 797 1836; x_wconf 88' lang='lat' dir='ltr'><strong>bonum</strong></span> <span class='ocrx_word' id='word_1_185' title='bbox 815 1809 903 1849; x_wconf 91' lang='lat' dir='ltr'><strong>quo</strong></span> <span class='ocrx_word' id='word_1_186' title='bbox 921 1795 1196 1848; x_wconf 90' lang='lat' dir='ltr'><strong>compleatur</strong></span> <span class='ocrx_word' id='word_1_187' title='bbox 1211 1795 1464 1848; x_wconf 84' lang='lat' dir='ltr'><strong>aliquando,</strong></span> <span class='ocrx_word' id='word_1_188' title='bbox 1482 1796 1584 1849; x_wconf 90' lang='lat' dir='ltr'><strong>quia</strong></span> <span class='ocrx_word' id='word_1_189' title='bbox 1601 1796 1827 1850; x_wconf 89' lang='lat' dir='ltr'><strong>appetitus</strong></span> 
     </span>
     <span class='ocr_line' id='line_1_25' title="bbox 281 1864 1826 1908; baseline 0.001 -2"><span class='ocrx_word' id='word_1_190' title='bbox 281 1866 491 1907; x_wconf 87' lang='lat' dir='ltr'><strong>naturalis</strong></span> <span class='ocrx_word' id='word_1_191' title='bbox 533 1880 620 1907; x_wconf 93' lang='lat' dir='ltr'><strong>non</strong></span> <span class='ocrx_word' id='word_1_192' title='bbox 660 1866 941 1907; x_wconf 87' lang='lat' dir='ltr'><strong>frustrabitur</strong></span> <span class='ocrx_word' id='word_1_193' title='bbox 981 1879 1006 1907; x_wconf 95' lang='lat' dir='ltr'><strong>a</strong></span> <span class='ocrx_word' id='word_1_194' title='bbox 1047 1864 1132 1906; x_wconf 88' lang='lat' dir='ltr'><strong>fine</strong></span> <span class='ocrx_word' id='word_1_195' title='bbox 1173 1880 1265 1907; x_wconf 89' lang='lat' dir='ltr'><strong>suo.</strong></span> <span class='ocrx_word' id='word_1_196' title='bbox 1329 1865 1388 1907; x_wconf 89' lang='lat' dir='ltr'><strong>Et</strong></span> <span class='ocrx_word' id='word_1_197' title='bbox 1420 1866 1520 1907; x_wconf 94' lang='lat' dir='ltr'><strong>ideo</strong></span> <span class='ocrx_word' id='word_1_198' title='bbox 1558 1879 1646 1907; x_wconf 92' lang='lat' dir='ltr'><strong>non</strong></span> <span class='ocrx_word' id='word_1_199' title='bbox 1683 1866 1826 1908; x_wconf 87' lang='lat' dir='ltr'><strong>solum</strong></span> 
     </span>
     <span class='ocr_line' id='line_1_26' title="bbox 281 1935 1826 1989; baseline 0.001 -13"><span class='ocrx_word' id='word_1_200' title='bbox 281 1935 550 1984; x_wconf 83' lang='lat' dir='ltr'><strong>Aristotiles‚</strong></span> <span class='ocrx_word' id='word_1_201' title='bbox 587 1950 666 1977; x_wconf 93' lang='lat' dir='ltr'><strong>nec</strong></span> <span class='ocrx_word' id='word_1_202' title='bbox 702 1935 946 1986; x_wconf 86' lang='lat' dir='ltr'><strong>Avicenna,</strong></span> <span class='ocrx_word' id='word_1_203' title='bbox 989 1949 1067 1976; x_wconf 91' lang='lat' dir='ltr'><strong>nec</strong></span> <span class='ocrx_word' id='word_1_204' title='bbox 1103 1935 1176 1976; x_wconf 89' lang='lat' dir='ltr'><strong>alii</strong></span> <span class='ocrx_word' id='word_1_205' title='bbox 1213 1949 1400 1989; x_wconf 89' lang='lat' dir='ltr'><strong>quorum</strong></span> <span class='ocrx_word' id='word_1_206' title='bbox 1446 1935 1545 1977; x_wconf 89' lang='lat' dir='ltr'><strong>libri</strong></span> <span class='ocrx_word' id='word_1_207' title='bbox 1588 1937 1679 1977; x_wconf 93' lang='lat' dir='ltr'><strong>noti</strong></span> <span class='ocrx_word' id='word_1_208' title='bbox 1723 1943 1826 1978; x_wconf 88' lang='lat' dir='ltr'><strong>sunt</strong></span> 
     </span>
     <span class='ocr_line' id='line_1_27' title="bbox 281 2005 1827 2059; baseline 0.001 -13"><span class='ocrx_word' id='word_1_209' title='bbox 281 2005 503 2047; x_wconf 85' lang='lat' dir='ltr'><strong>diffiniunt</strong></span> <span class='ocrx_word' id='word_1_210' title='bbox 525 2007 770 2047; x_wconf 89' lang='lat' dir='ltr'><strong>animarum</strong></span> <span class='ocrx_word' id='word_1_211' title='bbox 800 2006 1198 2056; x_wconf 90' lang='lat' dir='ltr'><strong>immortalitatem,</strong></span> <span class='ocrx_word' id='word_1_212' title='bbox 1219 2012 1284 2046; x_wconf 89' lang='lat' dir='ltr'><strong>set</strong></span> <span class='ocrx_word' id='word_1_213' title='bbox 1307 2006 1349 2046; x_wconf 93' lang='lat' dir='ltr'><strong>in</strong></span> <span class='ocrx_word' id='word_1_214' title='bbox 1372 2006 1515 2059; x_wconf 90' lang='lat' dir='ltr'><strong>primo</strong></span> <span class='ocrx_word' id='word_1_215' title='bbox 1536 2005 1605 2047; x_wconf 82' lang='lat' dir='ltr'><strong>De</strong></span> <span class='ocrx_word' id='word_1_216' title='bbox 1629 2005 1827 2057; x_wconf 73' lang='lat' dir='ltr'><strong>Quescio-</strong></span> 
     </span>
     <span class='ocr_line' id='line_1_28' title="bbox 284 2075 1824 2130; baseline 0.001 -14"><span class='ocrx_word' id='word_1_217' title='bbox 284 2076 410 2117; x_wconf 73' lang='lat' dir='ltr'><strong>nibus</strong></span> <span class='ocrx_word' id='word_1_218' title='bbox 445 2075 704 2118; x_wconf 72' lang='lat' dir='ltr'><strong>Tusculanis</strong></span> <span class='ocrx_word' id='word_1_219' title='bbox 737 2075 890 2118; x_wconf 89' lang='lat' dir='ltr'><strong>Cicero</strong></span> <span class='ocrx_word' id='word_1_220' title='bbox 921 2090 999 2130; x_wconf 91' lang='lat' dir='ltr'><strong>per</strong></span> <span class='ocrx_word' id='word_1_221' title='bbox 1029 2082 1174 2117; x_wconf 89' lang='lat' dir='ltr'><strong>totum</strong></span> <span class='ocrx_word' id='word_1_222' title='bbox 1207 2075 1378 2117; x_wconf 84' lang='lat' dir='ltr'><strong>laborat</strong></span> <span class='ocrx_word' id='word_1_223' title='bbox 1409 2076 1465 2117; x_wconf 89' lang='lat' dir='ltr'><strong>ad</strong></span> <span class='ocrx_word' id='word_1_224' title='bbox 1498 2077 1824 2119; x_wconf 90' lang='lat' dir='ltr'><strong>ostendendum</strong></span> 
     </span>
     <span class='ocr_line' id='line_1_29' title="bbox 281 2145 1826 2201; baseline 0.001 -15"><span class='ocrx_word' id='word_1_225' title='bbox 281 2145 660 2188; x_wconf 84' lang='lat' dir='ltr'><strong>immortalitatem</strong></span> <span class='ocrx_word' id='word_1_226' title='bbox 690 2147 836 2187; x_wconf 90' lang='lat' dir='ltr'><strong>anime</strong></span> <span class='ocrx_word' id='word_1_227' title='bbox 866 2147 1017 2188; x_wconf 89' lang='lat' dir='ltr'><strong>multis</strong></span> <span class='ocrx_word' id='word_1_228' title='bbox 1040 2147 1182 2187; x_wconf 89' lang='lat' dir='ltr'><strong>modis</strong></span> <span class='ocrx_word' id='word_1_229' title='bbox 1204 2153 1247 2188; x_wconf 93' lang='lat' dir='ltr'><strong>et</strong></span> <span class='ocrx_word' id='word_1_230' title='bbox 1273 2146 1478 2201; x_wconf 87' lang='lat' dir='ltr'><strong>pulchris.</strong></span> <span class='ocrx_word' id='word_1_231' title='bbox 1541 2147 1602 2187; x_wconf 91' lang='lat' dir='ltr'><strong>Et</strong></span> <span class='ocrx_word' id='word_1_232' title='bbox 1623 2146 1826 2188; x_wconf 89' lang='lat' dir='ltr'><strong>similiter</strong></span> 
     </span>
     <span class='ocr_line' id='line_1_30' title="bbox 279 2215 1824 2267; baseline 0.001 -11"><span class='ocrx_word' id='word_1_233' title='bbox 279 2215 321 2255; x_wconf 89' lang='lat' dir='ltr'><strong>in</strong></span> <span class='ocrx_word' id='word_1_234' title='bbox 364 2215 477 2257; x_wconf 93' lang='lat' dir='ltr'><strong>libro</strong></span> <span class='ocrx_word' id='word_1_235' title='bbox 508 2216 576 2257; x_wconf 81' lang='lat' dir='ltr'><strong>De</strong></span> <span class='ocrx_word' id='word_1_236' title='bbox 614 2216 838 2258; x_wconf 74' lang='lat' dir='ltr'><strong>Senectute</strong></span> <span class='ocrx_word' id='word_1_237' title='bbox 880 2218 1035 2267; x_wconf 88' lang='lat' dir='ltr'><strong>eadem</strong></span> <span class='ocrx_word' id='word_1_238' title='bbox 1072 2215 1384 2257; x_wconf 87' lang='lat' dir='ltr'><strong>immortalitas</strong></span> <span class='ocrx_word' id='word_1_239' title='bbox 1421 2230 1446 2257; x_wconf 89' lang='lat' dir='ltr'><strong>a</strong></span> <span class='ocrx_word' id='word_1_240' title='bbox 1484 2215 1638 2258; x_wconf 90' lang='lat' dir='ltr'><strong>Marco</strong></span> <span class='ocrx_word' id='word_1_241' title='bbox 1675 2217 1824 2258; x_wconf 93' lang='lat' dir='ltr'><strong>Tullio</strong></span> 
     </span>
     <span class='ocr_line' id='line_1_31' title="bbox 279 2284 1824 2340; baseline 0.003 -16"><span class='ocrx_word' id='word_1_242' title='bbox 279 2285 610 2326; x_wconf 84' lang='lat' dir='ltr'><strong>determinatur.</strong></span> <span class='ocrx_word' id='word_1_243' title='bbox 665 2285 928 2340; x_wconf 85' lang='lat' dir='ltr'><strong>Etpulchre</strong></span> <span class='ocrx_word' id='word_1_244' title='bbox 949 2284 1140 2328; x_wconf 87' lang='lat' dir='ltr'><strong>dicitur3</strong></span> <span class='ocrx_word' id='word_1_245' title='bbox 1157 2286 1200 2326; x_wconf 91' lang='lat' dir='ltr'><strong>in</strong></span> <span class='ocrx_word' id='word_1_246' title='bbox 1224 2285 1334 2326; x_wconf 92' lang='lat' dir='ltr'><strong>libro</strong></span> <span class='ocrx_word' id='word_1_247' title='bbox 1350 2285 1419 2327; x_wconf 83' lang='lat' dir='ltr'><strong>De</strong></span> <span class='ocrx_word' id='word_1_248' title='bbox 1430 2286 1615 2327; x_wconf 77' lang='lat' dir='ltr'><strong>Natura</strong></span> <span class='ocrx_word' id='word_1_249' title='bbox 1627 2285 1824 2329; x_wconf 77' lang='lat' dir='ltr'><strong>Divina:</strong></span> 
     </span>
     <span class='ocr_line' id='line_1_32' title="bbox 283 2353 1823 2410; baseline 0.003 -17"><span class='ocrx_word' id='word_1_250' title='bbox 283 2353 427 2394; x_wconf 90' lang='lat' dir='ltr'><strong>‘Deus</strong></span> <span class='ocrx_word' id='word_1_251' title='bbox 449 2362 492 2396; x_wconf 87' lang='lat' dir='ltr'><strong>et</strong></span> <span class='ocrx_word' id='word_1_252' title='bbox 512 2362 637 2408; x_wconf 88' lang='lat' dir='ltr'><strong>pater</strong></span> <span class='ocrx_word' id='word_1_253' title='bbox 655 2356 852 2397; x_wconf 89' lang='lat' dir='ltr'><strong>omnium</strong></span> <span class='ocrx_word' id='word_1_254' title='bbox 871 2355 938 2396; x_wconf 90' lang='lat' dir='ltr'><strong>vel</strong></span> <span class='ocrx_word' id='word_1_255' title='bbox 958 2356 1171 2405; x_wconf 84' lang='lat' dir='ltr'><strong>dominus,</strong></span> <span class='ocrx_word' id='word_1_256' title='bbox 1189 2358 1233 2397; x_wconf 80' lang='lat' dir='ltr'><strong>&#39;et</strong></span> <span class='ocrx_word' id='word_1_257' title='bbox 1255 2355 1322 2396; x_wconf 90' lang='lat' dir='ltr'><strong>his</strong></span> <span class='ocrx_word' id='word_1_258' title='bbox 1345 2355 1418 2410; x_wconf 88' lang='lat' dir='ltr'><strong>qui</strong></span> <span class='ocrx_word' id='word_1_259' title='bbox 1441 2355 1560 2397; x_wconf 92' lang='lat' dir='ltr'><strong>solus</strong></span> <span class='ocrx_word' id='word_1_260' title='bbox 1576 2361 1643 2398; x_wconf 89' lang='lat' dir='ltr'><strong>est</strong></span> <span class='ocrx_word' id='word_1_261' title='bbox 1660 2357 1823 2408; x_wconf 90' lang='lat' dir='ltr'><strong>omnia,</strong></span> 
     </span>
     <span class='ocr_line' id='line_1_33' title="bbox 280 2424 1822 2481; baseline 0.003 -17"><span class='ocrx_word' id='word_1_262' title='bbox 280 2424 484 2466; x_wconf 91' lang='lat' dir='ltr'><strong>omnibus</strong></span> <span class='ocrx_word' id='word_1_263' title='bbox 516 2439 562 2466; x_wconf 92' lang='lat' dir='ltr'><strong>se</strong></span> <span class='ocrx_word' id='word_1_264' title='bbox 595 2425 781 2467; x_wconf 87' lang='lat' dir='ltr'><strong>libenter</strong></span> <span class='ocrx_word' id='word_1_265' title='bbox 812 2426 1020 2467; x_wconf 87' lang='lat' dir='ltr'><strong>ostendit.</strong></span> <span class='ocrx_word' id='word_1_266' title='bbox 1084 2426 1187 2467; x_wconf 91' lang='lat' dir='ltr'><strong>Non</strong></span> <span class='ocrx_word' id='word_1_267' title='bbox 1213 2424 1320 2467; x_wconf 80' lang='lat' dir='ltr'><strong>ubi4</strong></span> <span class='ocrx_word' id='word_1_268' title='bbox 1351 2426 1408 2467; x_wconf 90' lang='lat' dir='ltr'><strong>sit</strong></span> <span class='ocrx_word' id='word_1_269' title='bbox 1437 2425 1546 2478; x_wconf 91' lang='lat' dir='ltr'><strong>loco,</strong></span> <span class='ocrx_word' id='word_1_270' title='bbox 1568 2439 1648 2468; x_wconf 90' lang='lat' dir='ltr'><strong>nee</strong></span> <span class='ocrx_word' id='word_1_271' title='bbox 1679 2426 1822 2481; x_wconf 86' lang='lat' dir='ltr'><strong>qualis</strong></span> 
     </span>
     <span class='ocr_line' id='line_1_34' title="bbox 276 2494 1822 2550; baseline 0.003 -16"><span class='ocrx_word' id='word_1_272' title='bbox 276 2494 333 2535; x_wconf 92' lang='lat' dir='ltr'><strong>sit</strong></span> <span class='ocrx_word' id='word_1_273' title='bbox 370 2494 595 2546; x_wconf 87' lang='lat' dir='ltr'><strong>qualitate,</strong></span> <span class='ocrx_word' id='word_1_274' title='bbox 632 2509 712 2537; x_wconf 89' lang='lat' dir='ltr'><strong>nec</strong></span> <span class='ocrx_word' id='word_1_275' title='bbox 749 2502 941 2549; x_wconf 88' lang='lat' dir='ltr'><strong>quantus</strong></span> <span class='ocrx_word' id='word_1_276' title='bbox 970 2495 1026 2537; x_wconf 91' lang='lat' dir='ltr'><strong>sit</strong></span> <span class='ocrx_word' id='word_1_277' title='bbox 1062 2496 1325 2550; x_wconf 87' lang='lat' dir='ltr'><strong>quantitate,</strong></span> <span class='ocrx_word' id='word_1_278' title='bbox 1362 2502 1427 2537; x_wconf 90' lang='lat' dir='ltr'><strong>set</strong></span> <span class='ocrx_word' id='word_1_279' title='bbox 1463 2495 1690 2537; x_wconf 90' lang='lat' dir='ltr'><strong>hominem</strong></span> <span class='ocrx_word' id='word_1_280' title='bbox 1727 2496 1822 2538; x_wconf 89' lang='lat' dir='ltr'><strong>sola</strong></span> 
     </span>
     <span class='ocr_line' id='line_1_35' title="bbox 277 2562 1820 2619; baseline 0.002 -15"><span class='ocrx_word' id='word_1_281' title='bbox 277 2562 570 2617; x_wconf 85' lang='lat' dir='ltr'><strong>intelligencia</strong></span> <span class='ocrx_word' id='word_1_282' title='bbox 592 2565 753 2605; x_wconf 90' lang='lat' dir='ltr'><strong>mentis</strong></span> <span class='ocrx_word' id='word_1_283' title='bbox 771 2564 1034 2614; x_wconf 88' lang='lat' dir='ltr'><strong>illuminans,</strong></span> <span class='ocrx_word' id='word_1_284' title='bbox 1051 2566 1125 2619; x_wconf 90' lang='lat' dir='ltr'><strong>qui</strong></span> <span class='ocrx_word' id='word_1_285' title='bbox 1149 2566 1355 2608; x_wconf 90' lang='lat' dir='ltr'><strong>discussis</strong></span> <span class='ocrx_word' id='word_1_286' title='bbox 1376 2566 1433 2606; x_wconf 91' lang='lat' dir='ltr'><strong>ab</strong></span> <span class='ocrx_word' id='word_1_287' title='bbox 1454 2566 1604 2607; x_wconf 91' lang='lat' dir='ltr'><strong>animo</strong></span> <span class='ocrx_word' id='word_1_288' title='bbox 1626 2579 1820 2608; x_wconf 91' lang='lat' dir='ltr'><strong>errorum</strong></span> 
     </span>
     <span class='ocr_line' id='line_1_36' title="bbox 279 2624 1820 2690; baseline 0.003 -16"><span class='ocrx_word' id='word_1_289' title='bbox 279 2634 472 2675; x_wconf 88' lang='lat' dir='ltr'><strong>tenebris</strong></span> <span class='ocrx_word' id='word_1_290' title='bbox 505 2640 548 2674; x_wconf 93' lang='lat' dir='ltr'><strong>et</strong></span> <span class='ocrx_word' id='word_1_291' title='bbox 569 2634 766 2676; x_wconf 88' lang='lat' dir='ltr'><strong>veritatis</strong></span> <span class='ocrx_word' id='word_1_292' title='bbox 799 2634 996 2676; x_wconf 87' lang='lat' dir='ltr'><strong>claritate</strong></span> <span class='ocrx_word' id='word_1_293' title='bbox 1028 2642 1251 2690; x_wconf 89' lang='lat' dir='ltr'><strong>percepta,</strong></span> <span class='ocrx_word' id='word_1_294' title='bbox 1284 2641 1380 2676; x_wconf 86' lang='lat' dir='ltr'><strong>toto</strong></span> <span class='ocrx_word' id='word_1_295' title='bbox 1412 2649 1459 2676; x_wconf 89' lang='lat' dir='ltr'><strong>se</strong></span> <span class='ocrx_word' id='word_1_296' title='bbox 1489 2624 1636 2676; x_wconf 81' lang='lat' dir='ltr'><strong>sensui</strong></span> <span class='ocrx_word' id='word_1_297' title='bbox 1673 2636 1820 2678; x_wconf 89' lang='lat' dir='ltr'><strong>divine</strong></span> 
     </span>
     <span class='ocr_line' id='line_1_37' title="bbox 275 2701 1817 2758; baseline 0.003 -16"><span class='ocrx_word' id='word_1_298' title='bbox 275 2701 567 2756; x_wconf 90' lang='lat' dir='ltr'><strong>intelligencie</strong></span> <span class='ocrx_word' id='word_1_299' title='bbox 609 2703 875 2752; x_wconf 86' lang='lat' dir='ltr'><strong>commiscet,</strong></span> <span class='ocrx_word' id='word_1_300' title='bbox 914 2704 1035 2745; x_wconf 88' lang='lat' dir='ltr'><strong>cuius</strong></span> <span class='ocrx_word' id='word_1_301' title='bbox 1072 2718 1223 2746; x_wconf 89' lang='lat' dir='ltr'><strong>amore</strong></span> <span class='ocrx_word' id='word_1_302' title='bbox 1264 2718 1290 2746; x_wconf 86' lang='lat' dir='ltr'><strong>a</strong></span> <span class='ocrx_word' id='word_1_303' title='bbox 1326 2710 1451 2758; x_wconf 89' lang='lat' dir='ltr'><strong>parte</strong></span> <span class='ocrx_word' id='word_1_304' title='bbox 1493 2711 1646 2746; x_wconf 88' lang='lat' dir='ltr'><strong>nature</strong></span> <span class='ocrx_word' id='word_1_305' title='bbox 1683 2719 1817 2758; x_wconf 86' lang='lat' dir='ltr'><strong>quam</strong></span> 
     </span>
    </p>
   </div>
   <div class='ocr_carea' id='block_1_6' title="bbox 421 2803 1639 2899">
    <p class='ocr_par' dir='ltr' id='par_1_7' title="bbox 421 2803 1639 2899">
     <span class='ocr_line' id='line_1_38' title="bbox 421 2803 1639 2839; baseline 0.004 -5"><span class='ocrx_word' id='word_1_306' title='bbox 421 2803 432 2822; x_wconf 80' lang='lat'><strong>¹</strong></span> <span class='ocrx_word' id='word_1_307' title='bbox 459 2804 531 2836; x_wconf 88' lang='lat' dir='ltr'><strong>MS.</strong></span> <span class='ocrx_word' id='word_1_308' title='bbox 550 2810 687 2837; x_wconf 85' lang='lat' dir='ltr'><strong>curator</strong></span> <span class='ocrx_word' id='word_1_309' title='bbox 703 2805 833 2837; x_wconf 87' lang='lat' dir='ltr'><strong>altered</strong></span> <span class='ocrx_word' id='word_1_310' title='bbox 852 2810 885 2837; x_wconf 87' lang='lat' dir='ltr'><strong>to</strong></span> <span class='ocrx_word' id='word_1_311' title='bbox 903 2808 911 2822; x_wconf 87' lang='lat'>‘</span> <span class='ocrx_word' id='word_1_312' title='bbox 924 2805 1076 2838; x_wconf 85' lang='lat' dir='ltr'><strong>tutator.&#39;</strong></span> <span class='ocrx_word' id='word_1_313' title='bbox 1341 2806 1354 2824; x_wconf 74' lang='lat'>2</span> <span class='ocrx_word' id='word_1_314' title='bbox 1378 2806 1453 2839; x_wconf 88' lang='lat' dir='ltr'><strong>MS.</strong></span> <span class='ocrx_word' id='word_1_315' title='bbox 1470 2806 1639 2839; x_wconf 89' lang='lat' dir='ltr'><strong>mitancia.</strong></span> 
     </span>
     <span class='ocr_line' id='line_1_39' title="bbox 424 2855 1523 2899; baseline 0.003 -12"><span class='ocrx_word' id='word_1_316' title='bbox 424 2855 435 2872; x_wconf 76' lang='lat'><strong>³</strong></span> <span class='ocrx_word' id='word_1_317' title='bbox 461 2856 681 2898; x_wconf 87' lang='lat' dir='ltr'><strong>Aesclepius,</strong></span> <span class='ocrx_word' id='word_1_318' title='bbox 698 2869 728 2898; x_wconf 91' lang='lat' dir='ltr'><strong>p.</strong></span> <span class='ocrx_word' id='word_1_319' title='bbox 747 2868 822 2898; x_wconf 87' lang='lat'><strong>370,</strong></span> <span class='ocrx_word' id='word_1_320' title='bbox 841 2859 894 2890; x_wconf 91' lang='lat' dir='ltr'><strong>ed.</strong></span> <span class='ocrx_word' id='word_1_321' title='bbox 919 2868 1010 2899; x_wconf 88' lang='lat'>1594.</span> <span class='ocrx_word' id='word_1_322' title='bbox 1347 2858 1358 2876; x_wconf 78' lang='lat'><strong>⁴</strong></span> <span class='ocrx_word' id='word_1_323' title='bbox 1384 2859 1457 2891; x_wconf 83' lang='lat' dir='ltr'><strong>MS.</strong></span> <span class='ocrx_word' id='word_1_324' title='bbox 1476 2864 1523 2891; x_wconf 88' lang='lat' dir='ltr'><strong>ut.</strong></span> 
     </span>
    </p>
   </div>
  </div>
 </body>
</html>
