1904 3171
1034 134 1086 172 42

287 237 476 293 legimus
504 238 626 292 quod
657 237 738 279 sub
760 237 929 278 Hirene
951 241 996 278 et
1018 235 1313 278 Constantino
1339 234 1688 290 Imperatoribus
1710 235 1835 277 effos-
1886 230 1899 281 3·

291 377 460 419 Hirene
501 383 545 418 et
588 377 882 419 Constantino
924 377 1084 417 iterum
1116 389 1187 416 me
1228 376 1395 417 videbit
1427 373 1517 417 sol.'
1601 375 1836 430 Multaque

288 447 395 489 talia
417 447 710 489 inveniuntur.
773 445 853 488 Set
884 446 966 487 hee
989 447 1125 487 modo
1154 446 1386 488 sufficiant.
1451 446 1512 487 Et
1533 444 1642 487 alios
1676 446 1835 487 modos

288 518 416 573 ponit
439 517 709 559 Alfarabius.

350 589 411 629 Et
446 587 662 641 septimus
696 586 856 628 modus
886 592 952 627 est
979 586 1221 635 Avicenne,
1244 585 1538 627 forcior'aliis.
1611 585 1835 640 Quoniam

289 659 324 700 si
358 657 662 699 testimonium
704 656 938 697 hominum
976 655 1311 710 precedencium
1345 656 1542 697 maxime
1582 656 1660 697 dat
1701 654 1836 697 fidem

291 727 540 783 legislatori,
581 734 687 769 tunc
729 726 1031 767 testimonium
1075 726 1273 767 divinum
1307 732 1352 768 et
1393 725 1653 780 angelorum
1696 725 1839 780 magis

290 798 415 839 dabit
457 796 607 838 fidem.
683 795 763 838 Set
800 795 1032 837 Avicenna
1070 795 1210 838 dicit1
1246 796 1368 850 quod
1403 796 1650 849 proprietas
1685 795 1839 837 latoris
1891 837 1895 842 ,

291 876 368 918 est,
400 874 449 909 ut
475 867 626 909 audiat
654 880 810 908 vocem
844 866 1027 907 Domini
1058 873 1102 908 et
1132 880 1287 908 vocem
1318 866 1595 920 angelorum,
1621 873 1665 907 et
1690 866 1841 908 videat

287 322 386 349 sum
409 308 489 349 suit
517 309 707 350 cadaver
729 321 829 349 cum
852 306 1068 359 scriptura
1091 305 1201 347 ista:
1229 305 1395 347 ‘Credo
1417 306 1459 346 in
1492 305 1731 355 Christum,
1751 305 1835 346 sub
1894 286 1901 337 ἦ

291 938 472 992 angelos
494 936 830 991 transfiguratos
860 943 963 978 ante
991 950 1051 978 se.
1116 935 1293 978 Christo
1320 950 1424 977 vero
1455 936 1610 977 habuit
1643 935 1839 978 divinum
1901 930 1904 939 “

291 1008 610 1056 testimonium,
637 1007 756 1061 quod
790 1006 1098 1048 testimonium
1129 1007 1253 1048 Deus
1286 1007 1415 1048 Pater
1444 1005 1547 1047 fecit
1581 1006 1636 1047 Ei
1668 1006 1840 1048 dicens:

294 1082 303 1099 ‘
319 1079 404 1120 Hic
427 1086 493 1120 est
520 1078 656 1119 Filius
681 1078 810 1119 Meus
835 1077 1020 1119 dilectus
1044 1077 1088 1117 in
1110 1091 1199 1131 quo
1227 1075 1334 1117 mihi
1357 1076 1627 1130 complacuit
1645 1091 1654 1116 ε
1669 1074 1678 1090 ’
1702 1082 1747 1118 et
1767 1076 1842 1118 ite-

295 1163 391 1190 rum
409 1165 416 1189 :
442 1153 451 1170 ‘
468 1149 528 1190 Et
544 1147 794 1198 clarificavi,
809 1154 853 1189 et
867 1147 1129 1189 clarificabo.
1140 1145 1149 1159 '
1184 1147 1244 1188 Et
1260 1146 1568 1188 testimonium
1582 1140 1839 1201 angelorum

297 1227 341 1262 et
365 1220 503 1262 eciam
527 1233 614 1260 non
632 1219 775 1260 solum
793 1218 1010 1260 bonorum
1028 1224 1095 1259 set
1117 1217 1348 1259 malorum.
1414 1217 1509 1258 Nec
1527 1223 1708 1272 possent
1734 1215 1842 1258 talia

295 1290 552 1331 testimonia
584 1289 765 1330 inveniri
798 1289 854 1331 de
886 1289 1045 1342 Moyse
1078 1295 1122 1330 et
1156 1287 1455 1337 Machometo,
1490 1301 1632 1341 neque
1667 1287 1724 1328 de
1754 1286 1840 1328 alio
1899 1334 1904 1342 ..

295 1361 495 1414 quamvis
518 1360 814 1402 concedamus
837 1373 991 1401 omnes
1007 1359 1229 1413 hystorias
1250 1372 1336 1412 que
1359 1360 1414 1400 de
1436 1358 1520 1399 illis
1543 1358 1759 1413 leguntur.

421 1429 676 1472 CTAVUS
721 1436 869 1470 autem
909 1430 1079 1479 modus,
1113 1442 1214 1470 cum
1248 1428 1342 1469 aliis
1376 1428 1605 1469 sublimior
1637 1441 1716 1481 per
1747 1427 1841 1469 vias

419 1500 723 1549 Astronomie,
743 1499 1005 1541 Astronomi
1037 1499 1155 1540 enim
1190 1498 1433 1540 mirabilius
1466 1498 1842 1552 investigaverunt

297 1577 440 1612 sectas
457 1578 506 1611 ut
524 1570 824 1619 Ptholomeus,
845 1569 1129 1620 Albumasar,
1143 1569 1413 1619 AlcabiciuS,
1430 1574 1473 1610 et
1495 1581 1650 1609 omnes
1671 1568 1841 1621 antiqui

301 1641 410 1691 Indi,
431 1639 599 1691 Caldei,
622 1640 763 1689 Perse,
783 1640 1014 1681 Babilonii.
1079 1639 1303 1693 Quoniam
1326 1639 1408 1693 ipsi
1432 1645 1603 1693 ponunt
1619 1638 1776 1692 Jovem
1798 1644 1844 1679 et

298 1711 518 1752 Venerem
563 1723 657 1751 esse
700 1710 900 1764 planetas
942 1709 1173 1751 benivolos
1204 1716 1248 1750 et
1278 1709 1526 1751 fortunatos
1539 1706 1566 1758 ²,
1600 1707 1841 1750 Saturnum

299 1788 343 1822 et
386 1781 580 1822 Martem
623 1780 855 1822 malivolos
899 1787 944 1822 et
987 1780 1294 1821 infortunatos.
1378 1779 1646 1820 Mercurium
1689 1778 1844 1820 dicunt

300 1852 447 1892 medio
471 1851 606 1892 modo
626 1864 672 1891 se
694 1849 868 1898 habere,
892 1850 995 1904 quia
1017 1863 1116 1891 cum
1149 1849 1277 1890 bonis
1307 1856 1374 1890 est
1403 1850 1556 1900 bonus,
1586 1862 1686 1890 cum
1719 1847 1846 1889 malis

300 1921 452 1971 malus,
494 1920 598 1974 quia
640 1920 939 1961 convertibilis
972 1926 1128 1961 nature
1159 1927 1240 1961 est.
1315 1919 1385 1960 De
1421 1918 1635 1960 benivolis
1666 1931 1770 1959 vero
1802 1924 1847 1958 et

300 1989 533 2032 fortunatis
558 1991 711 2031 dicunt
752 1990 908 2042 Jovem
945 1989 1173 2031 meliorem
1215 1996 1260 2031 et
1296 1988 1506 2042 majorem
1550 1988 1772 2029 fortunam
1807 1988 1846 2028 ei

302 2060 452 2101 deberi
472 2061 776 2113 minoremque
792 2059 964 2101 Veneri.
1030 2060 1090 2101 Et
1114 2059 1212 2100 ideo
1230 2073 1329 2101 cum
1348 2060 1434 2100 due
1451 2059 1539 2100 vite
1553 2059 1652 2106 sint,
1669 2071 1846 2112 presens

302 2137 346 2171 et
362 2131 517 2179 futura,
533 2137 575 2171 et
591 2130 690 2185 plus
707 2130 824 2171 valet
843 2129 986 2171 futura
1002 2143 1137 2183 quarn
1155 2143 1346 2184 presens,
1365 2129 1476 2170 sicut
1494 2135 1694 2170 eternum
1713 2140 1846 2181 quam

303 2201 561 2254 temporale,
595 2200 750 2241 dicunt
781 2199 1004 2241 Venerem
1048 2199 1296 2253 significare
1328 2213 1457 2253 super
1487 2199 1684 2240 fortunas
1715 2197 1848 2252 hujus

302 2271 402 2322 vite,
426 2276 640 2324 quantum
663 2271 720 2311 ad
744 2269 870 2311 ludos
892 2276 935 2311 et
956 2270 1118 2324 gaudia
1140 2283 1278 2323 acque
1301 2263 1492 2311 leticiam‘
1514 2275 1558 2310 et
1579 2267 1848 2321 hujusmodi,

306 2346 350 2381 et
387 2340 559 2393 Jupiter
585 2346 832 2393 respectum
860 2339 996 2380 habet
1019 2339 1074 2380 ad
1105 2332 1221 2380 bona
1248 2338 1426 2380 alterius
1449 2339 1551 2388 vite,
1573 2351 1658 2392 que
1682 2336 1850 2390 majora

304 2416 417 2450 sunt.
482 2410 541 2450 Et
559 2409 775 2464 significat
797 2423 928 2463 super
949 2409 1217 2463 sapienciam
1242 2416 1285 2450 et
1309 2409 1583 2450 intellectum
1600 2414 1644 2448 et
1660 2406 1849 2448 solucio-

303 2493 404 2520 nem
428 2480 730 2532 sompniorum
754 2486 796 2520 et
819 2479 1016 2520 divinum
1037 2478 1217 2530 cultum,
1236 2478 1366 2520 fidem
1390 2484 1434 2519 et
1455 2477 1564 2533 legis
1586 2477 1850 2528 doctrinam,

304 2549 573 2604 religionem,
608 2555 652 2590 et
682 2549 1031 2599 veneracionem,
1053 2556 1097 2590 et
1135 2549 1205 2590 dei
1247 2550 1464 2597 timorem,
1491 2554 1535 2589 et
1569 2548 1847 2602 aptacionem

306 2632 492 2669 morum,
514 2625 558 2659 et
580 2618 718 2659 multa
740 2619 845 2660 talia
862 2618 892 2668 3,
914 2625 961 2660 ut
983 2618 1247 2660 Astronomi
1273 2625 1462 2658 narrant.

366 2689 568 2730 Preterea
598 2688 843 2742 distingunt
869 2695 1015 2730 totum
1037 2689 1178 2730 celum
1202 2688 1244 2728 in
1272 2699 1321 2729 12
1349 2695 1508 2741 partes,
1530 2700 1618 2740 que
1638 2691 1851 2727 vocantur

307 2760 478 2808 domus,
496 2772 582 2812 que
599 2758 894 2812 distinguntur
911 2772 987 2812 per
1007 2758 1298 2799 meridianum
1322 2756 1531 2800 circulum
1555 2763 1599 2798 et
1621 2756 1848 2805 orientem,

516 2848 523 2865 ¹
550 2849 614 2883 loc.
632 2850 686 2881 cit.
705 2855 726 2881 t.
744 2860 776 2881 x.
799 2860 823 2881 c.
848 2860 873 2881 1.
1005 2851 1016 2868 ²
1042 2849 1115 2881 MS.
1134 2849 1327 2880 sortinatos.
1456 2848 1468 2866 ⁸
1494 2847 1566 2879 MS.
1586 2847 1655 2879 tali.
