1945 3161
806 146 830 184 5

49 254 93 288 et
124 248 302 296 arcium,
335 262 422 289 non
455 256 521 290 est
553 249 707 303 aliquis
740 250 1046 290 modernorum
1079 251 1152 303 qui
1185 250 1378 303 aliquam
1412 258 1581 304 partem

50 316 267 370 sapiencie
303 318 482 371 dignam
521 332 606 371 que
644 320 686 360 in
721 318 869 373 lingua
906 318 1041 360 latina
1082 332 1170 360 non
1212 319 1437 370 habeatur,
1475 321 1583 361 sciat

53 385 258 440 supplere
275 399 352 439 per
368 387 684 438 invencionem,
706 402 785 430 nec
807 389 861 429 ab
884 388 968 430 alia
989 388 1136 442 lingua
1157 388 1403 430 transferre.
1467 389 1581 431 Cum

51 460 200 496 tamen
251 462 416 508 quanto
464 456 659 510 juniores
707 463 917 510 ternpore,
959 463 1084 498 tanto
1135 457 1483 511 perspicaciores,
1533 465 1581 499 ut

49 522 208 564 diffinit
229 525 468 566 auctoritas
486 540 495 576 3
527 531 571 566 et
593 539 690 567 cum
713 526 840 580 primi
863 527 1109 567 inventores
1131 525 1297 567 nullum
1315 525 1582 579 adjutorium

49 591 310 644 habuerunt,
326 601 369 635 et
393 595 656 648 posteriores
673 595 815 636 solum
830 595 1076 636 habuerunt
1093 595 1360 649 adjutorium
1375 597 1583 649 priorum,

51 674 224 714 semper
245 663 380 705 crevit
403 664 624 717 sapiencia
641 663 672 715 ¹,
694 670 737 705 et
759 671 904 719 partes
929 665 1092 706 arcium
1115 665 1346 718 dignarum
1369 665 1582 718 paulatim

50 730 325 772 addebantur
344 749 353 782 ς
386 747 500 774 nunc
522 747 626 774 vero
650 747 738 782 nOS,
753 733 827 787 qui
849 733 1020 775 labores
1035 734 1231 775 omnium
1247 734 1581 788 precedencium

52 800 265 844 habemus
302 810 493 856 paratos,
523 817 665 856 neque
699 803 859 844 scimus
896 804 1057 845 addere
1094 817 1146 844 ea
1176 804 1231 844 ad
1263 818 1349 858 que
1380 804 1460 858 ipsi
1492 818 1581 846 non

50 876 288 923 potuerunt
311 873 568 927 pertingere,
589 886 730 926 neque
755 872 811 913 ab
840 873 902 913 eis
932 872 1047 914 facta
1075 887 1161 926 que
1189 873 1347 914 desunt
1370 874 1412 914 in
1435 873 1585 927 lingua

50 947 200 981 nostra
256 947 557 992 transmutare,
613 955 711 983 cum
763 947 911 983 tamen
968 942 1229 983 deberemus
1284 956 1370 996 que
1426 944 1584 984 desunt

52 1010 271 1062 complere
286 1008 301 1031 ²
327 1017 370 1051 et
399 1010 536 1050 eciam
561 1010 737 1051 inventa
760 1024 966 1052 renovare
989 1011 1032 1051 in
1057 1010 1212 1052 melius
1232 1027 1239 1052 ε
1271 1011 1374 1065 quia
1397 1011 1583 1053 Boecius

51 1079 172 1129 dicit,
194 1079 302 1120 libro
330 1080 397 1120 De
417 1079 663 1133 Disciplina
687 1079 963 1121 scholarium
978 1080 1018 1120 3:
1052 1083 1062 1100 ⁶
1078 1080 1290 1122 Miserum
1319 1087 1386 1122 est
1412 1095 1585 1135 semper

56 1149 118 1189 uti
153 1149 338 1190 inventis
365 1156 407 1190 et
435 1163 658 1202 nunquam
687 1149 1005 1191 inveniendis':
1038 1150 1170 1190 nichil
1199 1151 1314 1191 enim
1337 1150 1582 1204 perfectum

51 1224 116 1258 est
132 1218 174 1258 in
191 1218 393 1259 humanis
408 1219 746 1260 invencionibus.
772 1218 982 1261 Omnium
999 1220 1114 1260 enim
1133 1225 1334 1260 naturam
1350 1219 1583 1274 pollicetur

53 1301 138 1339 que
168 1287 290 1340 paria
313 1288 412 1328 Deo
433 1288 594 1329 sentire
615 1294 682 1329 est
696 1286 727 1339 4,
749 1295 797 1330 ut
818 1302 950 1342 super
971 1288 1212 1342 capitulum
1238 1289 1306 1330 De
1331 1289 1452 1330 Iride
1473 1290 1580 1331 dicit

53 1355 404 1398 Commentator.
439 1357 608 1398 Seneca
623 1358 760 1398 eciam
775 1357 848 1408 ait,
864 1362 909 1412 3⁰
923 1357 1217 1399 Naturalium
1231 1357 1264 1398 ⁵:
1289 1360 1297 1377 ‘
1312 1359 1442 1400 Nova
1458 1367 1583 1401 erant

53 1427 200 1466 omnia
238 1427 381 1480 primo
416 1426 744 1480 temptantibus,
777 1434 932 1480 postea
964 1426 1036 1467 illa
1068 1427 1223 1468 eadem
1254 1426 1406 1468 limata
1437 1434 1539 1469 sunt
1553 1428 1582 1480 ⁶,

50 1501 116 1536 set
142 1495 178 1536 si
208 1495 313 1548 quid
346 1496 572 1536 inventum
602 1502 681 1547 est,
705 1496 789 1536 illis
819 1496 963 1538 referri
990 1496 1182 1538 deberet.
1208 1528 1216 1536 .
1240 1529 1248 1537 .
1270 1528 1279 1537 .
1303 1496 1438 1538 Nulla
1466 1497 1582 1538 enirn

51 1578 120 1605 res
142 1572 448 1606 consummata
471 1572 536 1607 est
559 1566 664 1606 dum
688 1565 863 1619 incipit.'
926 1566 1060 1608 Unde
1093 1566 1136 1607 in
1164 1570 1211 1617 4⁰
1240 1565 1351 1607 libro
1369 1564 1384 1590 ⁷
1411 1567 1468 1608 ad
1499 1567 1583 1609 huc

51 1635 184 1676 dicit:
243 1640 251 1656 ‘
270 1635 401 1676 Νοῐι8
444 1642 547 1676 sunt
597 1636 699 1676 anni
754 1635 872 1676 mille
913 1636 1153 1689 quingenti,
1196 1649 1253 1676 ex
1295 1649 1383 1689 quo
1427 1635 1584 1678 Grecia

51 1708 74 1725 “
89 1704 225 1746 stellis
245 1719 443 1747 numeros
459 1711 501 1746 et
515 1703 846 1758 7207722'72afecit.''
910 1704 1139 1759 Multeque
1156 1705 1287 1746 hodie
1301 1711 1403 1746 sunt
1419 1711 1585 1758 gentes,

50 1788 135 1828 que
161 1781 330 1815 tanturn
357 1774 465 1816 facie
493 1774 725 1816 noverint9
756 1772 924 1816 celum.’
985 1774 1146 1816 Veniet
1177 1781 1353 1829 tempus
1384 1789 1473 1828 quo
1501 1776 1585 1816 ista

50 1857 137 1896 que
166 1857 280 1886 nunc
310 1844 448 1886 latent
478 1845 522 1885 in
549 1845 691 1886 lucem
720 1845 813 1886 dies
846 1844 1053 1886 extrahat
1085 1851 1128 1886 et
1157 1844 1362 1898 longioris
1391 1845 1459 1885 evi
1488 1844 1583 1886 dili-

49 1913 216 1966 gencia.
279 1914 339 1954 Et
381 1914 480 1955 ideo
522 1915 557 1955 si
604 1914 868 1969 posteriores
910 1913 1171 1968 proficerent
1212 1914 1255 1954 in
1300 1914 1495 1956 scienciis
1535 1920 1584 1955 ut

49 1989 288 2037 oporteret,
309 1983 390 2038 ipsi
420 1984 706 2037 complerent,
724 1983 856 2037 juxta
887 1984 952 2024 sui
985 1984 1196 2038 temporis
1224 1984 1583 2038 oportunitatem,

50 2067 102 2094 ea
133 2066 218 2106 que
248 2053 481 2094 defuerunt
511 2053 740 2107 prioribus.
803 2053 882 2095 Set
910 2053 994 2095 hoc
1022 2067 1110 2093 non
1139 2052 1314 2102 faciunt,
1340 2053 1430 2095 imo
1462 2054 1582 2107 quod

50 2121 174 2175 pejus
196 2129 274 2171 est,
297 2136 383 2164 non
412 2123 661 2177 intelligunt
684 2137 735 2164 ea
761 2136 846 2176 que
875 2129 976 2164 ante
1005 2123 1157 2164 oculos
1183 2129 1437 2176 comparata
1468 2130 1584 2173 sunt,

52 2198 100 2233 ut
149 2191 430 2234 manifestum
479 2200 546 2234 est
594 2193 637 2233 in
678 2193 798 2234 omni
841 2198 964 2246 parte
1005 2192 1235 2246 sapiencie.
1261 2189 1266 2247 Ι
1297 2192 1452 2246 Itaque
1492 2206 1579 2234 non
1602 2208 1642 2241 39
1659 2200 1682 2231 b
1699 2210 1727 2232 2.

49 2274 226 2302 necesse
268 2267 334 2302 est
374 2275 536 2315 ponere
578 2262 831 2315 exemplum
874 2262 918 2302 in
966 2261 1159 2313 alkimia‚
1201 2267 1245 2303 et
1293 2261 1336 2302 in
1385 2262 1583 2303 scienciis

93 2356 105 2375 ¹
130 2357 204 2388 The
223 2357 296 2389 MS.
315 2357 376 2388 has
392 2358 464 2389 also
476 2359 483 2373 ‘
496 2358 644 2389 sciencia
655 2357 662 2371 ¹
679 2358 819 2389 marked
835 2357 887 2389 for
902 2367 1049 2389 erasure.

93 2408 105 2426 ²
127 2420 194 2448 que
211 2410 352 2440 marked
370 2410 422 2440 for
439 2420 576 2441 erasure
594 2410 627 2440 in
646 2409 718 2441 MS.

94 2460 108 2505 ³,
129 2462 212 2502 Cap.
230 2471 250 2502 5
267 2462 304 2503 (f.
326 2472 419 2501 243a
435 2473 466 2501 2,
485 2463 537 2494 ed.
560 2467 657 2503 1492)
676 2464 684 2478 ‘
700 2462 836 2503 Quippe
860 2461 1040 2493 miserrimi
1062 2466 1113 2494 est
1136 2462 1265 2502 ingenii
1286 2472 1422 2504 semper
1437 2462 1586 2495 inventis

49 2519 84 2545 et
101 2524 170 2544 non
188 2514 403 2545 inveniendis
419 2515 466 2545 uti
478 2514 485 2527 '
505 2526 512 2545 :
539 2516 601 2546 &c.

93 2565 105 2584 ⁴
127 2565 211 2597 This
227 2570 390 2597 sentence
408 2567 435 2597 is
452 2571 508 2597 not
525 2566 630 2598 found
647 2567 681 2597 in
698 2566 872 2597 Averroes
890 2567 963 2607 (the
988 2566 1272 2608 Commentator)‚
1289 2572 1390 2608 super
1402 2566 1438 2607 3⁰
1455 2567 1584 2599 Meteor.

49 2621 58 2635 ‘
76 2618 203 2650 Omnifl
221 2623 277 2649 eni
294 2620 350 2649 ᾖ
369 2618 456 2659 pollr
471 2620 589 2658 §paria
606 2619 670 2650 deo
687 2619 814 2650 sentire
831 2617 907 2657 est‚'
922 2629 1000 2658 may
1010 2619 1097 2650 have
1119 2619 1208 2650 been
1232 2619 1416 2660 originally
1432 2630 1452 2650 a
1468 2623 1585 2659 quota-

49 2671 121 2702 tion
147 2671 232 2702 srom
259 2671 316 2702 the
334 2671 448 2711 praise
466 2671 504 2702 of
520 2671 698 2712 Aristode,
718 2672 836 2712 §paria
858 2671 962 2711 being
977 2672 1215 2711 comparacio;
1238 2672 1273 2702 in
1302 2672 1360 2703 the
1387 2672 1486 2703 word
1502 2672 1585 2703 read

50 2723 149 2764 pollr,
166 2723 226 2755 the
243 2723 266 2754 ll
283 2724 311 2754 is
329 2723 372 2763 by
389 2734 408 2754 a
424 2724 508 2754 later
524 2724 626 2755 hand.
771 2723 783 2741 ⁵
806 2724 884 2754 Nat.
906 2723 1017 2763 Quest.
1033 2724 1078 2756 vi.
1095 2733 1127 2763 5.

92 2775 108 2793 ⁶
127 2781 205 2815 post
221 2776 340 2806 eadem
354 2776 409 2806 illa
426 2776 539 2807 limata
552 2776 650 2808 Text.
768 2774 780 2793 ⁷
803 2775 881 2807 Nat.
899 2776 1009 2816 Quest.
1028 2776 1084 2808 vii.
1102 2786 1155 2816 25.
1270 2775 1282 2794 ⁸
1308 2776 1470 2808 Nondum
1486 2775 1586 2808 Text.

93 2827 105 2845 ⁹
129 2833 297 2859 noverunt
316 2828 389 2859 MS.
