1904 3171
795 157 848 195 33

51 262 148 311 tuis,
171 268 214 303 et
236 267 399 302 certam
423 260 501 301 tibi
525 273 672 300 earum
696 266 830 313 atque
853 259 1241 313 inexpugnabilem
1265 263 1582 314 possessionem

51 345 184 386 para3
231 330 500 371 honestiores
533 329 626 370 illas
664 343 750 370 non
788 329 944 379 solum,
976 336 1042 369 set
1083 335 1127 369 et
1158 331 1346 371 tuciores
1381 331 1585 373 facturus.

54 402 105 442 In
128 414 216 454 quo
238 406 281 440 te
303 399 485 440 divitem
507 405 583 440 aut
612 405 840 453 potentem
870 404 1012 453 putes5
1034 400 1242 451 quamdiu
1272 400 1484 453 possideS,
1504 402 1584 442 sub

52 471 227 512 nomine
260 469 439 510 sordido
470 469 616 522 jacet;
663 469 822 509 domus
859 474 936 517 est,
974 482 1121 509 servus
1159 474 1234 517 est,
1274 470 1439 509 nummi
1477 477 1587 512 sunt.

53 540 167 582 Cum
216 539 402 586 donasti,
447 538 709 579 beneficium
763 537 853 579 est.'
948 538 1008 578 Et
1058 538 1157 579 ideo
1205 539 1349 591 querit
1392 538 1433 578 in
1478 538 1588 580 libro

52 609 315 650 primarum
348 609 676 661 Epistolarnm:
710 611 718 627 ‘
737 607 847 662 Quis
871 613 936 649 est
959 608 1117 661 dignus
1141 608 1239 648 Deo
1270 608 1350 648 nisi
1381 609 1453 660 qui
1483 623 1588 662 opes

52 678 352 733 contempsit?
371 676 378 691 ’
413 678 546 720 Unde
570 678 612 718 in
637 677 750 718 libro
771 678 839 718 De
855 677 1077 718 Rcmediz‘s
1098 677 1399 718 Fortztz’lorum
1423 678 1589 730 optime

52 749 289 803 respondet
312 762 390 801 pro
412 753 672 801 paupertate
693 753 736 788 et
759 753 911 788 contra
929 746 1085 787 divites
1104 762 1113 795 ;
1146 746 1345 800 ‘Aliquis
1362 747 1463 788 dicit
1481 761 1589 800 pau-

52 826 202 874 pertas
225 818 331 859 mihi
354 818 513 871 gravis,
539 817 599 859 Et
627 817 796 858 Seneca
817 816 827 839 ¹
852 816 1104 870 respondit:
1140 817 1237 856 Imo
1259 822 1306 857 tu
1327 817 1590 870 paupertati.

55 888 159 929 Non'
192 889 235 928 in
262 893 522 942 paupertate
551 886 556 941 Ι
584 887 745 928 vicium
773 891 839 927 est
865 891 931 926 set
961 884 1003 925 in
1026 898 1231 938 paupere.
1277 884 1359 925 Illa
1381 886 1589 939 expedita
1612 899 1650 932 29
1667 901 1685 921 a
1707 899 1733 922 1.

53 964 132 1006 est,
150 957 311 1008 hilaris,
329 964 437 998 tuta.
496 957 667 1010 Pauper
687 970 733 996 es
756 956 860 1009 quia
881 955 1051 995 videris.
1109 953 1256 996 Nichil
1280 955 1402 996 deest
1424 956 1591 1003 avibus,

53 1041 212 1081 pecora
235 1027 278 1067 in
300 1041 399 1068 aere
420 1027 586 1067 vivunt.
637 1026 831 1079 Accepit
854 1025 924 1066 ille
945 1024 1156 1078 grandem
1172 1025 1415 1079 pecuniam,
1430 1038 1533 1078 ergo
1549 1031 1594 1067 et

54 1097 318 1150 superbiam.
380 1097 622 1137 Hominem
652 1095 773 1136 illum
798 1095 982 1148 judicas,
1009 1108 1108 1135 arca
1137 1100 1202 1135 est
1219 1091 1246 1134 2.
1310 1093 1421 1147 Quis
1443 1095 1591 1146 erario,

53 1167 152 1220 quis
184 1166 322 1220 plenis
354 1167 519 1207 invidet
551 1165 763 1207 loculis3?
841 1164 986 1219 Quem
1015 1170 1063 1205 tu
1101 1164 1331 1204 dominum
1368 1163 1593 1204 existimas

53 1236 249 1290 pecunie,
263 1235 431 1277 loculus
447 1242 523 1277 est.
561 1235 608 1277 Si
624 1235 831 1290 prodigus
850 1235 918 1284 sit,
935 1248 1021 1275 non
1039 1233 1244 1275 habebit:
1275 1234 1309 1275 si
1325 1247 1492 1284 avaruS,
1508 1247 1593 1274 non

53 1305 200 1348 habet.
265 1306 354 1346 Iste
383 1320 514 1360 quem
544 1312 592 1347 tu
615 1304 784 1346 felicem
807 1305 959 1352 credis,
982 1318 1085 1358 sepe
1107 1303 1241 1354 dolet,
1268 1316 1371 1358 sepe
1393 1303 1593 1358 suspirat.

55 1375 184 1417 Multi
204 1375 326 1416 illum
344 1376 619 1416 comitantur.
695 1373 787 1415 Mel
810 1387 956 1415 musce
978 1379 1233 1426 sequuntur,
1256 1374 1469 1414 cadavera
1491 1372 1596 1426 lupi,

53 1445 321 1486 frumentum
339 1444 529 1486 formice.
572 1444 760 1485 Predam
775 1443 971 1497 sequitur
984 1444 1067 1485 ista
1081 1443 1225 1494 turba,
1240 1456 1327 1483 non
1342 1440 1593 1483 hominem.’

115 1515 185 1556 De
220 1514 525 1569 voluptatibus
561 1514 740 1567 quidem
782 1514 872 1554 vite
908 1514 1014 1555 satis
1055 1513 1206 1567 pulcra
1244 1513 1460 1566 loquntur.
1535 1513 1595 1554 Et

56 1583 211 1626 Cicero
243 1585 286 1625 in
318 1584 430 1625 libro
451 1584 520 1625 De
549 1584 773 1625 Senectute
804 1583 865 1623 sic
897 1581 1068 1624 dicit4:
1100 1582 1239 1624 ‘Cum
1272 1582 1441 1623 homini
1474 1583 1595 1623 Deus

54 1654 188 1695 nichil
220 1653 500 1708 prestabilius
534 1660 679 1694 mente
710 1653 918 1703 dedisset,
951 1652 1051 1695 huic
1083 1653 1231 1693 divino
1265 1653 1431 1693 muneri
1464 1651 1593 1693 nichil

54 1731 146 1766 tarn
199 1725 423 1765 inimicum
479 1737 613 1777 quam
668 1722 883 1776 voluptas,
970 1722 1162 1776 Impedit
1203 1722 1318 1763 enim
1361 1721 1593 1762 consilium

54 1794 273 1849 voluptas,
286 1794 448 1835 racioni
466 1793 655 1844 inimica,
670 1798 714 1834 et
731 1793 892 1833 mentis
909 1791 1059 1833 oculos
1074 1791 1338 1845 perstringit.
1401 1791 1592 1844 Magnus

54 1865 194 1905 eciam
216 1863 428 1905 Architas
444 1862 744 1905 Tharentinus
759 1861 1078 1915 PichagoricuS,
1095 1867 1138 1902 et
1157 1861 1354 1901 Platonis
1372 1861 1593 1915 magister,

53 1934 216 1975 nemini
239 1934 445 1975 censebat
468 1933 560 1974 fore
575 1933 760 1974 dubium
777 1932 883 1986 quin
903 1932 1112 1984 quamdiu
1127 1930 1352 1984 voluptate
1369 1930 1594 1984 gauderet,

54 2002 124 2044 vel
147 2003 314 2058 agitare
337 2009 542 2054 mentem,
560 2002 693 2043 nichil
709 2001 926 2043 racionem
950 2000 1082 2042 nichil
1100 2000 1421 2054 cogitacionem
1440 2012 1593 2040 conse-

54 2074 129 2127 qui
159 2086 315 2127 posse3
346 2073 380 2113 si
403 2073 598 2126 quidem,
623 2085 722 2114 cum
752 2071 893 2124 major
924 2071 980 2111 sit
1007 2075 1139 2123 atque
1161 2069 1443 2123 longinquior
1465 2082 1594 2110 omne

54 2143 189 2184 animi
219 2143 369 2183 lumen
402 2140 648 2196 extinguit.'
713 2141 777 2183 Ut
810 2140 981 2181 Tullius
1013 2140 1055 2179 in
1086 2142 1133 2188 4⁰
1168 2138 1232 2178 De
1265 2137 1595 2188 Quesczbnibusf’

54 2213 185 2254 dicit:
213 2215 222 2232 ‘
239 2211 641 2266 Intemperanciam
667 2225 759 2253 esse
782 2210 949 2251 fontem
978 2209 1174 2250 omnium
1206 2208 1594 2263 perturbacionum

53 2282 201 2333 animi,
235 2295 322 2334 que
358 2287 425 2322 est
460 2296 487 2322 a
524 2288 621 2323 tota
659 2286 818 2330 mente,
855 2294 880 2320 a
917 2285 1035 2320 recta
1073 2277 1256 2328 racione,
1293 2276 1497 2325 defeccio,
1534 2277 1594 2317 sic

53 2353 238 2394 adversa
273 2364 299 2391 a
336 2350 654 2405 prescripcione
686 2348 870 2391 racionis
904 2354 950 2388 ut
982 2346 1101 2388 nullo
1133 2347 1267 2387 modo
1298 2345 1595 2399 appeticiones

53 2421 188 2462 animi
211 2435 290 2462 nec
313 2420 404 2474 regi
428 2434 508 2462 nec
538 2419 749 2462 contineri
780 2415 969 2472 queant.’
1030 2416 1091 2457 Et
1115 2416 1214 2457 ideo
1238 2415 1401 2456 Plinius
1423 2415 1529 2456 dicit
1551 2415 1593 2455 in

52 2495 100 2541 4⁰
121 2491 233 2532 libro
253 2490 496 2531 Naturalis
514 2489 739 2531 Hz'storz'e:
770 2490 778 2507 ‘
802 2488 1044 2540 Postquam
1075 2484 1279 2539 voluptas
1306 2485 1451 2526 vivere
1478 2484 1594 2539 cepit

52 2561 145 2602 vita
171 2558 322 2602 desiit)
406 2560 466 2600 Et
488 2558 746 2601 Aristotiles
773 2557 816 2598 in
847 2556 956 2596 libro
979 2555 1046 2596 De
1067 2554 1296 2608 [regimine
1330 2553 1425 2595 Vite
1441 2553 1457 2578 ⁶
1487 2554 1596 2595 dicit

55 2629 317 2671 Alexandro
338 2645 346 2670 :
377 2630 386 2648 ‘
407 2628 591 2670 Declina
613 2634 795 2670 conatus
813 2624 1063 2668 bestialium
1086 2623 1381 2678 voluptatum,
1403 2622 1596 2664 carnales

54 2699 168 2741 enim
191 2699 417 2753 appetitus
439 2698 649 2739 inclinant
671 2697 866 2738 animum
888 2695 943 2736 ad
968 2692 1322 2747 corrumptibiles
1343 2692 1596 2734 voluntates

222 2807 231 2825 ¹
258 2806 329 2838 MS.
349 2806 451 2838 Sena.
650 2805 662 2823 ²
687 2805 760 2837 MS.
779 2809 846 2836 uta.
983 2801 994 2820 ³
1021 2801 1093 2834 MS.
1110 2801 1229 2833 oculis.

141 2859 151 2877 ⁴
176 2870 203 2891 c.
221 2859 276 2890 xii.
295 2870 348 2899 40,
368 2869 420 2898 41.
529 2858 539 2875 ⁵
569 2859 664 2890 Tusc.
688 2858 783 2897 Disp.
801 2857 840 2887 iv.
861 2866 891 2895 9.
1000 2854 1011 2872 ⁶
1037 2854 1104 2885 Sec.
1125 2853 1192 2885 Sec.
1214 2854 1332 2895 (1551)
1353 2853 1396 2884 so.
1418 2852 1455 2883 B.
1479 2862 1505 2883 x.

811 2922 842 2952 D
