1904 3171
1008 126 1061 166 52

250 231 404 273 fuisset
441 232 730 286 propinquior
765 232 901 286 capiti
939 232 1120 282 Arietis,
1164 233 1319 274 fuisset
1363 234 1575 285 maxima,
1617 240 1661 275 et
1703 239 1808 275 tunc

253 308 377 343 erant
406 302 507 343 anni
539 301 784 344 Grecorum
816 301 1001 357 perfecti
1030 304 1217 344 trecenti
1244 312 1283 355 5,
1306 309 1351 344 et
1372 317 1532 345 novem
1556 317 1742 353 menses,
1764 311 1809 346 et

253 371 344 413 fere
384 373 538 414 decem
582 379 627 414 et
665 379 767 414 octo
804 372 913 422 dies,
948 372 1069 425 quod
1106 378 1255 427 potest
1297 373 1474 427 probari
1515 388 1594 428 per
1634 374 1812 416 tabulas

252 455 484 484 annorum.

315 510 392 554 Sic
417 513 548 566 igitur
577 512 715 553 locuti
745 518 848 552 sunt
879 512 1123 552 astronomi
1151 512 1207 553 de
1237 513 1380 562 sectis,
1401 519 1445 554 et
1474 513 1727 567 specialiter
1754 515 1812 556 de

254 588 376 624 secta
401 582 576 631 Christi,
598 588 644 623 et
675 583 786 624 dant
816 582 1122 623 testimonium
1152 581 1256 623 fidei
1286 590 1436 624 nostre
1459 583 1580 636 quod
1609 589 1677 625 est
1706 584 1813 625 satis

257 652 468 694 mirabile.
531 652 593 694 Et
609 651 816 706 quamvis
835 651 1076 705 loquantur
1093 653 1148 693 de
1166 653 1311 702 sectis,
1333 658 1378 694 et
1396 660 1515 695 secte
1536 654 1734 707 pendent
1754 669 1827 697 ex.

254 722 463 764 libertate
485 723 684 770 racionis,
706 729 860 763 tamen
892 735 983 763 non
1016 722 1255 775 imponunt
1278 722 1475 776 aliquam
1503 724 1814 766 necessitatem

256 793 369 834 libro
391 793 586 842 arbitrio,
608 793 806 834 dicentes
833 792 1037 846 planetas
1062 807 1158 834 esse
1187 794 1314 847 signa
1343 794 1577 835 innuencia
1602 793 1730 835 nobis
1763 809 1816 836 ea

256 878 344 919 que
377 864 501 905 Deus
530 862 750 917 disposuit
776 862 833 903 ab
862 868 1015 904 eterno
1048 862 1141 903 fieri
1170 876 1249 917 per
1275 869 1510 913 naturam3
1541 863 1632 905 sive
1658 863 1816 905 volun-

259 940 400 976 tatem
436 934 691 983 humanam,
723 933 816 974 sive
849 946 928 987 per
962 933 1273 987 operacionem
1307 934 1534 988 propriam
1570 935 1816 976 secundum

259 1004 591 1059 beneplacitum
613 1017 691 1045 sue
711 1003 967 1044 voluntatis.
1030 1003 1100 1044 Ita
1123 1004 1286 1046 dicitur
1306 1004 1350 1044 in
1379 1004 1494 1046 libro
1514 1003 1583 1045 De
1610 1003 1818 1047 Cursibus

258 1075 564 1116 Planetarztm.
629 1075 690 1116 Et
720 1080 920 1129 preterea
949 1073 1104 1114 dicunt
1136 1075 1259 1128 quod
1291 1075 1502 1116 voluntas
1524 1089 1612 1117 non
1633 1075 1819 1128 cogitur,

260 1153 328 1188 set
345 1152 495 1188 tamen
518 1158 677 1199 corpus
700 1144 914 1186 alteratur
929 1142 944 1167 ¹
962 1158 1040 1198 per
1060 1143 1247 1185 viltutes
1265 1144 1475 1196 celorum,
1490 1151 1535 1187 et
1551 1151 1657 1186 tunc
1671 1139 1820 1186 anima

261 1217 434 1270 corpori
463 1216 585 1256 unita
615 1215 840 1256 excitatur
870 1213 1043 1255 fortiter
1064 1220 1109 1255 et
1132 1214 1355 1255 inducitur
1377 1215 1625 1269 efficaciter,
1647 1215 1750 1257 licet
1775 1216 1819 1256 in

262 1286 382 1328 nullo
415 1292 611 1340 cogatur,
641 1292 690 1327 ut
721 1285 829 1326 velit
861 1284 1000 1338 gratis
1031 1284 1156 1338 sequi
1189 1284 1503 1327 inclinaciones
1534 1285 1730 1340 corporis
1762 1286 1820 1327 ad

263 1365 388 1400 actus
410 1358 606 1412 privatos
627 1355 696 1397 vel
720 1355 935 1410 publicos,
957 1362 1002 1397 et
1031 1356 1088 1396 ad
1118 1355 1259 1397 bonos
1289 1356 1402 1397 sicut
1424 1357 1482 1398 ad
1513 1355 1666 1408 malos,
1688 1363 1739 1398 ut
1760 1357 1822 1398 sic

263 1428 494 1482 opiniones
517 1434 560 1468 et
583 1434 701 1468 secte
724 1432 767 1466 et
783 1426 1058 1467 mutaciones
1077 1426 1448 1466 consuetudinum
1466 1426 1731 1468 inducantur
1744 1440 1823 1480 per

264 1499 459 1552 aliquem
484 1497 669 1538 modum
699 1496 921 1537 famosum
951 1495 994 1535 in
1020 1494 1188 1550 populo
1221 1502 1265 1536 et
1295 1502 1542 1550 potentem,
1576 1497 1821 1538 secundum

265 1569 386 1623 quod
413 1568 636 1622 previsum
668 1566 750 1608 fuit
779 1572 824 1607 et
856 1566 1166 1621 precognitum
1189 1578 1215 1605 a
1239 1566 1339 1606 Deo
1361 1579 1370 1616 ;
1403 1566 1463 1606 ita
1492 1567 1614 1619 quod
1641 1566 1823 1621 planete

266 1641 328 1682 sic
353 1653 443 1680 non
465 1638 610 1680 solum
633 1638 721 1678 sint
742 1637 881 1692 signa,
904 1643 971 1678 set
993 1635 1160 1689 aliquid
1191 1636 1353 1677 faciant
1375 1636 1417 1676 in
1444 1637 1697 1678 excitando.
1761 1637 1823 1680 Et

267 1724 367 1751 cum
409 1714 651 1763 posuerunt
688 1708 932 1748 Dominum
967 1706 1154 1759 Jhesum
1194 1705 1421 1748 Christum
1460 1720 1556 1748 esse
1594 1707 1743 1749 Deum
1779 1715 1824 1750 et

267 1780 510 1829 hominem,
543 1784 592 1818 ut
633 1777 821 1818 Ethicus
853 1783 1136 1818 astronomus
1170 1776 1406 1817 manifeste
1438 1776 1544 1817 dicit
1576 1777 1620 1818 in
1657 1776 1824 1819 Cosmo-

261 1846 492 1905 g7¹apll2'a²‚
507 1855 550 1889 et
570 1848 805 1889 Alchimus
820 1846 1218 1897 similiter,necnon
1235 1853 1278 1887 et
1297 1847 1340 1886 in
1360 1847 1436 1888 illo
1455 1846 1566 1887 libro
1580 1848 1655 1901 qui
1673 1848 1824 1888 inscri-

268 1921 389 1962 bitur
413 1919 603 1961 Ovidius
624 1918 694 1958 De
721 1917 885 1965 Vetula,
906 1917 1055 1958 Deum
1078 1917 1295 1957 incarnari
1320 1917 1362 1956 in
1388 1917 1567 1959 Christo
1590 1916 1826 1972 colligitur.

271 1991 332 2032 Et
356 1989 484 2030 Plato
506 1989 581 2043 qui
601 1988 644 2028 in
661 2002 763 2029 eum
779 1988 979 2037 credidit,
994 1994 1038 2028 et
1052 1986 1127 2028 alii
1142 2000 1231 2027 non
1246 1986 1514 2037 discordant,
1529 1987 1826 2030 attribuentes

272 2060 450 2103 Christo
482 2059 603 2113 quod
635 2058 717 2098 soli
750 2057 921 2099 homini
956 2058 1212 2111 denegatur,
1243 2056 1400 2097 volunt
1433 2057 1553 2110 quod
1586 2057 1827 2112 disposicio

272 2131 445 2174 celestis
488 2129 635 2184 potuit
681 2142 777 2170 esse
828 2129 872 2169 in
924 2127 1101 2181 signum
1151 2127 1465 2181 concepcionis
1517 2126 1725 2182 Virginis,
1782 2135 1828 2169 et

273 2201 518 2244 nativitatis
560 2199 676 2240 illius
720 2198 929 2240 Hominis
980 2198 1043 2243 in?
1071 2203 1289 2251 quantum
1343 2197 1492 2248 homo,
1541 2197 1653 2239 sicut
1699 2197 1830 2239 stella

274 2272 469 2328 prestitit
506 2271 681 2324 signum
720 2269 763 2309 in
800 2268 895 2322 ejus
932 2268 1177 2317 nativitate,
1225 2268 1469 2308 secundum
1492 2262 1632 2321 ‘quod
1673 2268 1831 2310 dicitur

274 2345 319 2385 in
351 2342 461 2383 libro
499 2339 716 2383 cursuum
738 2339 1030 2379 planetarum
1062 2339 1182 2392 quod
1216 2338 1394 2391 planete
1425 2351 1578 2378 omnes
1609 2344 1653 2379 et
1685 2345 1831 2380 cetere

275 2412 403 2455 stelle
435 2412 563 2452 aliter
596 2410 695 2451 Deo
725 2409 895 2451 homini
926 2408 1056 2460 facto,
1085 2408 1212 2450 aliter
1243 2421 1354 2463 puro
1383 2407 1584 2449 homini.
1607 2439 1616 2448 .
1639 2441 1647 2449 .
1671 2405 1831 2464 (celera

279 2479 467 2538 desunt).

586 2571 598 2588 ¹
623 2571 695 2603 MS.
713 2571 886 2603 alteratus.
1166 2569 1180 2588 ²
1205 2569 1278 2601 MS.
1298 2569 1550 2609 Conographia.
