1904 3171
757 159 808 198 35

25 277 202 318 operam
223 268 269 304 ut
287 276 385 303 cum
405 262 577 304 racione
595 262 796 303 insanias.
861 263 957 304 Hec
976 261 1271 303 inconstancia
1287 259 1555 301 mutabilitas

24 333 184 374 mentis
205 345 335 386 quem
364 346 450 372 non
484 332 579 385 ipsa
601 332 816 385 pravitate
838 330 1116 372 deterreatl?
1180 330 1262 371 Est
1289 330 1426 371 eciam
1448 327 1554 368 illud

22 404 141 456 quod
179 403 222 442 in
258 402 595 455 perturbacione
633 401 791 441 dicitur
824 401 1227 449 demonstrandum,
1260 399 1423 440 nullam
1461 411 1555 440 esse

24 472 106 512 nisi
159 471 438 524 opinabilem,
482 471 562 511 nisi
610 470 776 524 judicio
824 477 1085 523 susceptam,
1128 470 1210 510 nisi
1251 468 1555 510 voluntariam.

28 541 205 582 Etenim
234 541 269 582 si
302 540 511 581 naturalis
542 554 667 581 amor
689 547 803 581 esset
830 546 874 580 et
899 545 1098 581 amarent
1120 553 1273 580 omnes
1295 545 1338 580 et
1359 544 1558 579 amarent

24 625 210 665 semper,
247 624 387 664 neque
421 609 556 650 alium
593 609 748 662 pudor,
779 609 913 649 alium
946 609 1173 662 cogitacio,
1205 608 1337 649 alium
1370 607 1558 648 societas

25 678 288 722 deterreret.'
354 679 413 720 Et
436 685 616 733 propter
636 679 719 719 hoc
739 677 991 719 Aristotiles
1014 678 1056 718 in
1082 677 1270 719 Secretis
1289 677 1558 718 Secretormn

25 749 129 790 dicit
157 748 478 789 Alexandross:
514 747 744 789 ‘Clemens
780 748 1039 800 Imperator,
1075 747 1163 788 noli
1187 753 1231 788 te
1264 746 1470 788 inclinare
1502 746 1559 786 ad

24 818 189 860 coitum
212 819 458 866 mulierum,
477 818 579 871 quia
604 818 746 858 coitus
761 823 826 857 est
843 818 1032 869 quedam
1051 817 1295 871 proprietas
1310 829 1558 870 porcorum.

26 887 287 942 Que-gloria
316 888 394 928 tibi
417 894 484 929 est
512 887 546 928 si
569 899 802 927 excerceas
832 886 991 927 vicium
1028 885 1395 927 irracionabilium
1429 885 1561 927 besti-

25 971 162 1007 arum,
181 964 224 998 et
241 963 363 999 actus
381 958 610 998 brutorum
628 960 644 996 Ρ
698 956 838 998 Crede
854 956 962 996 mihi
978 956 1286 1006 indubitanter,
1304 956 1405 1009 quia
1420 956 1561 996 coitus

28 1032 94 1067 est
109 1027 353 1068 destruccio
364 1026 556 1081 corporis
570 1033 614 1067 et
631 1025 906 1067 abbreviacio
920 1025 1022 1075 vite,
1039 1031 1082 1066 et
1097 1025 1321 1078 corrupcio
1338 1025 1561 1075 virtutum,

27 1097 137 1151 legis
158 1097 458 1151 transgressio,
480 1096 693 1137 femineos
716 1108 859 1135 mores
882 1092 1087 1148 generat.'

87 1166 158 1207 De
185 1166 412 1219 voluptate
443 1179 545 1206 vero
582 1179 665 1219 que
697 1171 763 1205 est
792 1165 835 1204 in
861 1164 1038 1217 crapula
1069 1170 1112 1205 et
1133 1165 1361 1214 ebrietate,
1395 1163 1563 1205 Seneca

27 1236 130 1277 dicit
173 1237 216 1276 in
256 1235 367 1276 libro
412 1235 714 1289 Epistolarum
757 1234 1008 1288 primarum,
1054 1234 1105 1289 83
1123 1233 1161 1273 3:
1200 1237 1209 1253 ‘
1226 1233 1373 1287 Quam
1424 1233 1565 1274 multa

29 1306 134 1347 ebrii
157 1305 318 1346 faciunt
338 1306 497 1358 quibus
519 1304 652 1346 sobrii
675 1305 946 1345 erubescant.
1002 1304 1041 1344 N
1048 1304 1149 1344 ichil
1173 1303 1289 1345 aliud
1312 1317 1406 1344 esse
1428 1303 1564 1344 ebrie-

29 1381 168 1416 tatem
201 1388 335 1428 quam
367 1374 659 1416 voluntariam
692 1374 918 1414 insaniam.
983 1373 1191 1414 Extende
1222 1373 1264 1413 in
1297 1372 1444 1427 plures
1475 1372 1568 1413 dies

30 1445 152 1487 illum
175 1446 375 1487 hebrium
398 1445 613 1494 habitum,
636 1444 850 1497 numquid
872 1450 1022 1485 autem
1053 1443 1194 1485 surore
1216 1443 1470 1484 dubitabis?
1493 1477 1500 1484 .
1524 1473 1533 1482 .
1558 1474 1567 1482 .

30 1516 161 1558 Certe
197 1516 307 1556 eruit
344 1529 476 1556 omne
520 1515 681 1555 vicium
724 1514 925 1564 ebrietas,
960 1519 1003 1554 et
1046 1513 1253 1564 incendit,
1287 1520 1331 1554 et
1367 1513 1566 1566 detegit;

29 1587 282 1645 obstantem
305 1585 430 1625 malis
448 1585 680 1626 conatibus
695 1583 1003 1625 verecundiam
1028 1589 1248 1633 removet3
1280 1583 1353 1623 ubi
1372 1582 1569 1636 possedit

34 1657 228 1697 animum
259 1655 394 1696 nimia
423 1655 487 1695 vis
515 1654 618 1703 vini,
639 1654 848 1707 quicquid
875 1653 975 1693 mali
998 1652 1164 1694 latebat
1187 1653 1381 1707 emergit.
1443 1652 1571 1692 Tunc

31 1725 293 1766 libidinosus
314 1724 627 1779 cupiditatibus
649 1723 738 1764 suis
767 1729 982 1777 quantum
1006 1722 1221 1776 petierint,
1243 1722 1335 1762 sine
1357 1721 1570 1763 dilacione

33 1794 275 1849 permittit;
314 1800 419 1835 tunc
451 1793 701 1847 impudicus
734 1792 935 1833 morbum
969 1791 1211 1845 confitetur,
1234 1798 1336 1833 tunc
1369 1790 1569 1844 petulans

33 1879 120 1907 non
151 1865 358 1919 linguam,
389 1876 476 1904 non
510 1876 691 1903 manum
724 1860 947 1904 continet.'
1012 1862 1072 1903 Et
1103 1868 1204 1916 post
1236 1861 1374 1901 multa
1405 1860 1490 1901 alia
1515 1860 1571 1900 de

32 1934 114 1976 hac
142 1934 325 1975 materia
347 1933 478 1974 dicit:
501 1936 510 1953 ‘
527 1933 638 1974 Fere
661 1929 986 1973 vinolenciam4
1008 1931 1243 1973 crudelitas
1265 1931 1473 1985 sequitur,
1496 1930 1571 1971 de-

33 2004 223 2046 bellatur
245 2004 363 2046 enim
387 2009 762 2057 exasperaturque
784 2002 947 2043 sanitas
970 2001 1138 2043 mentis.
1182 2000 1570 2054 Quemadmodum

33 2073 228 2116 difficiles
265 2073 428 2115 faciunt
465 2073 614 2115 oculos
650 2072 806 2113 diutini
839 2072 978 2112 morbi
1016 2073 1071 2113 ad
1104 2071 1285 2112 nimiam
1324 2071 1432 2112 radii
1468 2069 1570 2112 solis

36 2142 339 2194 offensionem,
372 2144 434 2184 ita
466 2142 698 2184 ebrietates
730 2142 933 2183 continue
960 2139 964 2197 Ι
995 2140 1175 2183 efferant
1207 2142 1390 2183 animos.
1450 2140 1569 2181 Nam

35 2227 133 2255 cum
157 2226 262 2268 sepe
283 2213 402 2266 apud
425 2227 470 2253 se
499 2226 587 2253 non
616 2213 717 2263 sint,
739 2212 1012 2253 consuetudo
1041 2211 1207 2252 insanie
1231 2211 1440 2252 duratura
1460 2210 1572 2251 vicia

34 2283 134 2324 vino
165 2289 393 2336 concepta,
426 2282 562 2323 eciam
594 2281 684 2322 sine
712 2281 788 2322 illo
817 2280 988 2322 valent.'
1052 2280 1113 2321 Et
1141 2279 1312 2322 Seneca
1340 2280 1483 2334 primo
1504 2279 1574 2320 De

35 2351 358 2394 Naturalibufi
381 2358 534 2393 contra
563 2350 793 2392 deliciosos
823 2350 866 2391 in
888 2356 995 2404 potu
1025 2351 1106 2391 ait:
1132 2349 1197 2391 ‘O
1221 2351 1279 2391 dii
1303 2350 1419 2399 boni,
1441 2363 1572 2403 quam

36 2422 163 2464 facile
181 2429 246 2464 est
263 2422 521 2475 extinguere
539 2421 656 2461 sitim
679 2434 844 2471 sanam,
861 2421 978 2461 sitim
997 2420 1126 2462 istam
1143 2427 1273 2475 putas
1295 2420 1571 2461 deliciarum?

39 2491 190 2546 Febris
212 2497 291 2544 est,
313 2497 358 2532 et
379 2490 554 2544 quidem
572 2503 624 2531 eo
641 2489 781 2530 acrior
802 2490 921 2543 quod
943 2503 1029 2530 non
1052 2496 1172 2531 tactu
1194 2503 1416 2539 venarum,
1432 2502 1574 2542 neque

35 2561 79 2601 in
101 2567 246 2602 cutem
277 2560 414 2601 effuso
440 2560 584 2601 calore
613 2559 966 2612 deprehenditur,
988 2565 1053 2600 set
1083 2572 1156 2600 cor
1186 2559 1332 2612 ipsum
1362 2559 1573 2612 excoquit

36 2630 223 2681 luxuria,
244 2630 287 2670 in
307 2629 469 2670 vicium
491 2628 671 2680 malum,
693 2628 910 2682 voluptati
937 2627 1264 2671 dissonantem?

97 2700 246 2741 Placet
277 2700 490 2754 preteritis
518 2713 633 2741 nunc
660 2700 702 2740 in
734 2699 818 2740 fine
849 2698 1113 2753 subjungere
1130 2699 1400 2742 Anacharsis
1432 2699 1574 2753 philo-

82 2799 106 2828 ¹>
120 2799 193 2830 MS.
213 2799 381 2831 deteritat.
560 2798 573 2817 “²
596 2799 649 2831 ed.
669 2799 722 2830 cit.
742 2799 785 2830 so.
806 2799 845 2830 B.
863 2798 908 2830 iii.
1086 2798 1097 2818 3
1121 2798 1181 2839 Ep.
1199 2800 1241 2839 83
1257 2799 1327 2839 (lib.
1348 2799 1407 2831 xii.
1428 2800 1474 2841 1).

84 2851 95 2867 ¹¹
122 2851 195 2882 MS.
215 2851 425 2882 violenciam.
604 2852 615 2869 ⁵
639 2852 714 2882 Nat.
739 2851 848 2890 Quesl.
869 2853 910 2884 iv.
935 2862 982 2891 ¹3·

771 2918 802 2947 I)
828 2921 849 2950 2

1590 2146 1715 2189 29b1.
