1904 3171
781 157 826 195 Ῐ3

33 259 88 300 de
112 259 308 313 angelica
336 265 503 310 natura,
525 259 731 301 transfert
760 260 1027 302 sentenciam
1054 260 1247 301 Platonis
1270 261 1316 301 iu
1340 259 1570 313 Sz·712p0s2·0‚

31 328 245 382 videlicet,
280 329 401 383 quod
439 328 615 370 cuilibet
651 329 814 370 homini
857 329 1097 384 deputatur
1141 343 1251 370 unus
1288 329 1470 383 angelus
1512 331 1568 370 ad

31 399 278 440 custodiam
312 405 466 440 contra
498 399 614 440 mala
646 399 809 446 omnia,
837 404 880 440 et
912 399 967 439 ad
992 399 1342 452 promovendum
1377 405 1420 440 et
1451 399 1569 440 exci-

31 468 217 508 tandum
240 468 296 509 ad
319 469 447 509 bona.
512 468 570 508 Et
597 474 832 522 postquam
859 468 1006 510 anima
1028 475 1229 522 separata
1252 474 1329 517 est,
1351 469 1568 509 bonorum

31 542 76 577 et
104 537 319 578 malorum
346 551 431 590 que
459 538 593 591 gessit
616 538 658 578 in
687 551 870 591 corpore
899 537 948 579 fit
969 538 1093 579 testis
1119 552 1267 579 coram
1292 538 1389 579 Deo
1407 537 1567 591 judice.

30 604 187 659 Atque
213 606 366 647 asserit
394 607 574 660 angelos
603 607 771 648 deferre
793 608 1036 660 peticiones
1059 607 1285 649 hominum
1310 607 1366 649 ad
1388 606 1567 648 celestia

30 681 75 716 et
107 682 332 729 reportant
368 676 483 717 dona
520 677 576 717 ab
612 677 674 717 eis
711 677 767 717 ad
805 675 1016 719 homines.
1081 677 1141 718 Et
1177 678 1276 730 quis
1314 682 1460 731 preest
1496 676 1568 716 uni

31 744 266 799 provincie,
294 751 337 786 et
369 746 478 786 alius
511 745 596 795 alii,
626 751 669 786 et
702 745 841 787 multa
873 745 978 787 talia
1009 747 1126 797 dicit,
1158 747 1240 788 sub
1271 746 1338 787 his
1369 744 1567 787 verbis1:

33 817 42 834 ‘
58 813 171 855 Sunt
187 815 378 868 quedam
397 815 542 855 divine
561 815 706 856 medie
727 821 970 869 potestates
999 815 1041 855 in
1064 815 1148 856 isto
1171 815 1409 857 intersticio
1423 814 1438 837 2
1460 815 1572 856 inter

33 883 232 926 homines
273 884 574 938 celicolasque‚
615 898 691 937 per
733 898 842 938 quas
887 885 1101 926 desideria
1139 892 1288 927 nostra
1328 891 1372 926 et
1414 885 1570 926 merita

32 955 89 996 ad
118 953 224 995 eos3
244 961 508 1005 commeant,
532 987 540 995 .
565 984 574 993 .
600 984 608 993 .
630 960 841 1007 vectores,
862 953 962 995 hinc
994 968 1184 1008 precum,
1206 955 1307 995 inde
1337 954 1569 1004 donorum,

33 1024 107 1078 qui
129 1020 487 1080 u[l]trocitroque
512 1023 750 1077 peticiones
772 1030 962 1077 portant,
979 1024 1080 1065 hinc
1103 1024 1204 1065 inde
1226 1023 1434 1077 suffragia
1454 1039 1462 1064 :
1494 1037 1569 1065 seu

33 1093 211 1146 quidam
253 1093 479 1146 utriusque
510 1093 782 1147 interpreteS,
815 1099 859 1135 et
903 1093 1127 1148 salutigeri
1143 1091 1173 1135 4.
1235 1093 1316 1134 Per
1355 1093 1435 1134 hos
1469 1124 1477 1133 .
1513 1126 1521 1134 .
1562 1126 1570 1134 .

33 1168 186 1203 curant
226 1162 385 1216 singuli
427 1176 590 1213 eorum,
627 1168 675 1204 ut
721 1169 787 1204 est
829 1163 986 1216 cuique
1030 1162 1195 1204 tributa
1232 1163 1470 1216 provincia,
1499 1163 1568 1204 vel

33 1232 243 1285 sompniis
268 1231 588 1283 confirmandis,
614 1231 683 1273 vel
705 1233 958 1286 prepetibus
986 1232 1296 1286 gubernandis,
1318 1232 1387 1274 vel
1410 1233 1568 1274 oscini-

32 1301 144 1342 bus5
175 1301 434 1353 erudiendis,
459 1301 526 1342 vel
558 1302 733 1344 vatibus
769 1302 1044 1356 inspirandis‚
1071 1302 1140 1343 vel
1178 1303 1422 1356 ceterisque
1459 1303 1569 1344 adeo

30 1371 307 1413 dinoscimus.
371 1371 472 1425 Que
503 1377 660 1412 cuncta
690 1371 840 1413 celesti
871 1371 1099 1413 voluntate
1130 1378 1174 1413 et
1206 1373 1383 1413 numine
1415 1378 1458 1413 et
1489 1387 1567 1413 au-

31 1441 261 1490 ctoritate;
311 1447 376 1482 set
417 1440 676 1495 angelorum
714 1441 940 1495 obsequio,
977 1448 1021 1483 et
1062 1455 1210 1496 opera,
1248 1449 1292 1484 et
1327 1442 1569 1483 ministerio

31 1509 134 1560 fieri,
156 1510 457 1551 arbitrandum
481 1510 574 1551 est.'
635 1510 733 1551 ‘Ex
762 1510 844 1552 hac
872 1525 976 1565 ergo
1009 1512 1264 1566 angelorum
1294 1512 1421 1565 copia
1445 1511 1572 1553 Plato

31 1586 233 1621 autumat
263 1578 444 1633 singulis
472 1579 720 1621 hominibus
750 1580 794 1621 in
821 1580 912 1622 vita
940 1582 1114 1635 agenda
1145 1587 1279 1623 testes
1302 1587 1344 1621 et
1367 1583 1572 1623 custodes

31 1641 259 1703 singulos⁶
310 1649 498 1700 additos,
551 1650 626 1704 qui
686 1650 850 1690 nemini
907 1651 1127 1704 perspicui
1180 1664 1353 1704 semper
1405 1658 1573 1703 assunt,

29 1719 179 1760 arbitri
203 1717 428 1761 omnium⁷
450 1733 537 1760 non
559 1718 839 1761 solummodo
862 1726 1074 1769 actorum,
1090 1720 1386 1762 verumeciam
1410 1721 1570 1776 cogita-

29 1795 187 1830 torum.
249 1788 316 1830 At
342 1787 415 1829 ubi
441 1789 532 1829 vita
560 1788 679 1830 edita
708 1790 991 1831 remeandum
1025 1796 1102 1842 est,
1124 1790 1312 1831 eundem
1343 1790 1467 1830 illum
1496 1790 1571 1844 qui

30 1858 156 1899 nobis
188 1859 384 1912 preditus
415 1857 507 1907 fuit,
530 1864 704 1912 raptare
735 1858 857 1910 illud,
881 1865 925 1900 et
955 1859 1125 1901 trahere
1155 1859 1293 1901 veluti
1324 1860 1569 1901 custodiam

30 1942 154 1969 suam
183 1928 238 1968 ad
257 1927 483 1982 judicium,
505 1933 639 1981 atque
664 1928 753 1970 illic
780 1929 823 1969 in
852 1943 983 1970 causa
1012 1929 1214 1970 ducenda
1243 1929 1466 1970 assistere:
1492 1961 1500 1970 .
1525 1964 1534 1973 .
1562 1959 1572 1968 .

30 2003 74 2038 et
125 2010 301 2051 prorsus
352 1996 464 2038 illius
510 1997 769 2039 testimonio
811 1998 908 2038 ferri
958 1999 1192 2040 sentencia.
1275 1999 1452 2040 Deinde
1493 2013 1572 2041 vos

30 2080 184 2108 omnes
215 2067 287 2121 qui
318 2067 431 2108 hanc
464 2066 660 2108 Platonis
698 2068 964 2109 sentenciam
999 2068 1195 2109 divinam
1226 2082 1296 2110 me
1334 2069 1573 2124 interprete

30 2136 268 2183 ascultatis‚
295 2136 356 2177 ita
384 2137 556 2178 animos
583 2142 750 2177 vestros
779 2138 835 2178 ad
858 2151 1119 2191 quecunque
1148 2139 1321 2193 agenda
1342 2138 1411 2180 vel
1435 2140 1573 2180 medi-

29 2205 194 2247 tanda8
225 2205 426 2257 formate,
458 2212 506 2247 ut
538 2206 685 2248 sciatis
717 2206 849 2247 nichil
881 2206 1050 2248 homini
1083 2222 1160 2261 pre
1190 2208 1283 2249 istis
1316 2209 1573 2250 custodibus

30 2275 143 2317 intra
174 2276 368 2317 animum
401 2289 479 2317 nec
511 2275 616 2317 foris
657 2289 750 2317 esse
782 2277 950 2327 secreti,
981 2277 1085 2330 quin
1117 2278 1267 2320 omnia
1299 2279 1467 2320 curiose
1500 2279 1574 2320 ille

31 2345 254 2400 percipiat,
278 2345 398 2386 videt
436 2345 596 2395 omnia,
628 2352 673 2387 et
704 2345 910 2399 intelligit
938 2379 947 2388 .
974 2378 982 2386 .
1007 2378 1015 2386 .
1045 2346 1114 2388 hic
1146 2354 1305 2398 custos,
1341 2349 1574 2402 singularis

31 2415 262 2470 prefectus,
299 2415 571 2456 domesticus
612 2414 876 2468 speculator,
913 2416 1113 2470 proprius
1148 2423 1323 2458 curator
1337 2416 1365 2468 9,
1392 2418 1573 2459 intimus

31 2484 247 2538 cognitor,
270 2485 472 2526 assiduus
503 2484 771 2536 observator,
793 2485 1044 2527 individuus
1076 2486 1248 2536 arbiter,
1271 2487 1573 2542 inseparabilis

30 2541 167 2602 testis,
202 2553 417 2595 malorum
448 2554 734 2609 improbator,
766 2555 979 2609 probator
1011 2556 1244 2608 bonorum,
1266 2590 1275 2600 .
1298 2589 1307 2598 .
1331 2588 1340 2598 .
1366 2558 1408 2598 in
1446 2558 1575 2599 rebus

74 2638 87 2657 ²
110 2638 162 2670 De
176 2639 246 2670 Deo
260 2638 332 2671 Soc.
351 2649 382 2679 p.
400 2639 454 2679 67,
471 2640 523 2672 ed.
546 2649 640 2680 1594.

73 2691 86 2710 ²
111 2692 182 2724 MS.
200 2692 358 2724 intersito
374 2692 512 2733 glossed
529 2693 712 2725 interstitio
729 2695 762 2725 in
780 2694 912 2734 margin
929 2695 962 2726 in
979 2695 1125 2727 another
1139 2695 1242 2727 hand.

74 2743 86 2761 ³
109 2745 150 2776 ad
169 2745 252 2776 deos
268 2745 366 2776 Text.
568 2744 580 2763 4
604 2745 678 2778 MS.
698 2747 844 2778 salutem
862 2747 945 2788 geri.
1178 2747 1190 2765 ⁵
1216 2747 1288 2778 MS.
1306 2747 1575 2780 obscurioribus

74 2797 185 2830 ⁶MS.
202 2797 357 2838 singulis.
577 2797 590 2815 ⁷
614 2798 686 2831 MS.
707 2800 810 2831 omni.
1035 2800 1047 2818 ⁸
1071 2799 1144 2832 MS.
1159 2800 1354 2839 judicanda.

75 2849 87 2868 ⁹
111 2849 186 2883 MS.
201 2850 331 2881 altered
344 2855 380 2882 to
401 2852 569 2883 ‘tutatorf
