1904 3171
773 146 826 184 29

28 247 103 302 qui
139 247 271 289 debet
308 247 475 289 institui
513 261 599 289 non
637 249 692 290 sit
729 249 899 303 dignus,
931 255 974 290 et
1008 248 1244 302 probatum
1285 248 1423 302 fuerit,
1454 249 1564 292 alius

30 317 290 359 instituatur.
356 317 453 358 Hec
479 318 627 359 omnia
648 318 798 360 dicunt
821 318 1072 373 philosophi
1097 318 1341 360 manifeste.

89 385 184 428 Hec
216 392 260 427 et
291 385 544 439 hujusmodi
584 386 722 428 multa
758 386 842 428 alia
879 388 1039 429 docent
1079 387 1341 441 philosophi,
1378 401 1565 441 quorum

30 455 128 496 libri
150 461 250 496 sunt
272 456 314 496 in
337 455 485 510 lingua
506 456 652 506 latina,
675 463 723 498 ut
747 456 902 498 Cicero
924 457 992 498 De
1011 457 1256 510 Republica,
1280 463 1324 499 et
1344 457 1567 511 Apuleius

28 525 96 565 De
109 523 325 579 Dogmate
336 523 550 578 Platonis,
566 533 609 567 et
627 526 854 568 Avicenna
876 527 919 567 in
933 526 1171 568 Radicz‘bus
1190 525 1347 569 Civilis
1371 526 1568 577 Scz'encz‘e,

28 608 150 649 quaS‚
165 601 212 635 ut
225 594 331 635 dicit
349 595 390 635 in
408 595 634 648 prohemio
649 595 748 636 libri
761 595 1036 650 Saeffcz'encz‘e,
1053 596 1264 638 innuebat
1278 597 1333 637 ad
1349 611 1566 638 summam

29 663 211 705 sciencie
243 664 418 704 moralis
452 665 598 718 quoad
633 678 770 717 usque
806 665 848 705 in
890 665 972 705 hac
1008 665 1251 706 intencione
1284 665 1442 706 librum
1476 667 1567 708 edit

29 733 254 786 proprium
269 739 312 774 et
326 734 603 787 singularem.
652 734 711 775 Et
725 734 979 776 Alfarabius
994 735 1035 775 in
1050 741 1242 776 tractatu
1253 733 1268 758 ¹
1286 733 1355 776 De
1371 734 1566 776 Scz‘encz'a

34 801 180 852 Civili,
204 808 248 843 et
270 802 416 856 plures
438 803 524 854 alii,
540 802 766 857 multoque
788 804 844 844 de
865 803 948 844 hac
979 805 1162 846 materia
1185 805 1227 845 in
1248 803 1367 846 libris
1390 804 1568 855 Senece‚

29 877 73 913 et
94 871 242 919 Tullii,
265 878 308 913 et
335 872 519 913 aliorum
555 873 883 926 prenominatis,
946 873 1024 915 Set
1052 874 1151 915 libri
1176 873 1372 916 Platonis
1393 873 1461 915 De
1481 874 1568 916 Re-

23 939 193 993 publica
233 955 321 982 non
352 941 516 982 habent
547 941 589 982 in
621 942 773 993 latino,
806 955 947 996 neque
979 942 1197 997 complete
1228 943 1445 984 habentur
1471 943 1568 984 libri

28 1010 275 1052 Aristotilis
305 1011 380 1064 qui
412 1011 666 1053 immediate
698 1018 910 1065 sequntur
943 1024 994 1052 10
1024 1012 1156 1054 libros
1177 1012 1345 1063 Etlzz'ce,
1370 1019 1418 1054 ut
1450 1014 1568 1067 prius

31 1086 198 1121 tactum
221 1086 297 1130 est,
319 1094 460 1134 neque
478 1080 576 1123 libri
594 1081 888 1135 Theophrasti
908 1082 980 1135 qui
1004 1082 1241 1136 complevit
1262 1096 1337 1123 seu
1360 1083 1569 1135 exposuit

31 1150 356 1204 philosophiam
393 1149 649 1192 Aristotilis.
727 1151 857 1205 Quia,
898 1157 945 1192 ut
980 1152 1041 1192 ait
1079 1151 1250 1193 Tullius
1293 1152 1335 1192 in
1375 1151 1486 1192 libro
1523 1156 1570 1203 5Ο

31 1219 419 1261 Aclzademz'corum
435 1219 461 1271 2,
499 1223 509 1241 ‘
524 1220 780 1262 Aristotiles
833 1227 877 1262 et
918 1220 1254 1274 Theophrastus
1295 1235 1381 1262 non
1425 1221 1567 1263 solum

32 1290 201 1344 private
221 1291 310 1331 vite
333 1291 565 1339 racionem,
588 1297 654 1331 set
681 1304 824 1331 rerum
853 1290 1071 1344 publicam
1095 1291 1350 1340 reccionem,
1374 1292 1569 1333 omnium

31 1359 121 1400 sere
169 1360 398 1401 civitatum
436 1374 523 1401 non
557 1360 699 1402 solum
736 1359 892 1402 Grecie
934 1367 999 1401 set
1038 1360 1246 1402 Barbarie
1287 1360 1571 1411 tradiderunt,

33 1429 288 1471 Aristotiles
320 1436 469 1471 tamen
503 1443 660 1479 mores,
692 1436 736 1471 et
773 1429 986 1479 instituta,
1019 1430 1281 1484 disciplinas,
1313 1430 1569 1484 Theophra-

32 1506 126 1541 stus
152 1497 302 1554 leges3
330 1497 532 1541 edocuit.'
597 1498 677 1541 Set
698 1499 783 1540 hoc
815 1498 1150 1553 intelligendum
1180 1507 1246 1541 est
1273 1507 1487 1553 quantum
1514 1500 1570 1540 ad

33 1569 383 1624 explicacionem
407 1583 556 1610 earum
580 1569 739 1622 quibus
762 1569 1019 1611 Aristotiles
1042 1569 1247 1610 sanxivit.
1305 1568 1421 1623 Quia
1442 1569 1570 1611 Alfa-

33 1639 179 1681 rabius
209 1647 254 1681 et
284 1639 521 1681 translator
552 1639 597 1679 E
603 1638 710 1681 tlcz'ce
741 1639 796 1680 de
829 1638 971 1680 Greco
1003 1639 1046 1679 in
1078 1638 1321 1680 Arabicum
1353 1645 1572 1680 testantur

33 1724 132 1750 eum
154 1710 303 1751 secisse
324 1709 483 1750 librum
505 1708 666 1763 legum,
681 1715 725 1750 et
748 1709 933 1763 ipsemet
955 1709 998 1749 in
1021 1708 1107 1750 fine
1120 1708 1281 1750 Etlzz‘ce
1306 1708 1466 1750 fatetur
1492 1708 1497 1762 Ι
1526 1723 1571 1750 se

33 1781 297 1821 descendere
318 1780 374 1820 ad
398 1779 516 1834 leges
539 1781 767 1821 civitatum
789 1779 1064 1833 simplicium,
1088 1786 1134 1820 ut
1156 1780 1275 1832 prius
1297 1785 1465 1820 tactum
1493 1785 1570 1820 est.

131 1849 409 1892 UOMODO
433 1864 537 1891 vero
559 1850 758 1905 cognicio
781 1857 824 1891 et
842 1864 978 1901 amor,
997 1850 1245 1891 reverencia
1267 1849 1413 1891 divine
1433 1849 1571 1902 maje-

135 1920 273 1970 statis,
295 1927 338 1961 et
361 1920 624 1962 desiderium
647 1919 792 1961 future
807 1918 1040 1970 felicitatis,
1056 1925 1100 1960 et
1113 1919 1326 1960 virtutum
1343 1919 1571 1972 perfeccio,

34 1991 189 2033 melius
218 1991 432 2032 habeatur
459 2004 537 2045 per
558 1996 863 2044 contemptum
886 1989 1141 2031 diviciarum
1164 1995 1207 2030 et
1236 1989 1505 2037 deliciarum,
1528 1996 1571 2030 et

32 2061 246 2102 honorum
277 2067 320 2101 et
351 2060 501 2115 glorie,
534 2066 578 2101 et
611 2059 959 2114 pulchritudinis,
981 2065 1025 2099 et
1054 2059 1223 2100 roboris
1252 2059 1500 2112 corporalis,
1529 2064 1573 2099 et

33 2137 276 2172 ceterarum
298 2130 492 2184 corporis
512 2129 770 2184 graciarum,
790 2129 888 2170 ideo
911 2127 1162 2182 philosophi
1187 2127 1487 2182 multipliciter
1507 2128 1572 2168 in-

33 2207 289 2242 struxerunt
322 2200 535 2240 mundum
568 2199 612 2239 in
643 2198 801 2239 horum
833 2203 1106 2250 contemptu,
1136 2204 1180 2239 et
1211 2197 1346 2238 verbo
1367 2204 1412 2239 et
1443 2198 1572 2239 facto.

34 2270 288 2312 Aristotiles
308 2269 424 2310 enim
448 2269 540 2322 ipse
562 2282 759 2309 summus
782 2267 1161 2322 philosophorum,
1177 2273 1224 2308 ut
1241 2281 1393 2309 omnes
1409 2273 1572 2309 testan-

33 2348 114 2389 tur,
129 2340 172 2380 in
191 2345 496 2392 contemptum
512 2339 663 2379 mundi
677 2351 776 2379 curn
792 2337 994 2378 omnibus
1008 2337 1190 2390 diviciis,
1204 2342 1247 2378 et
1261 2336 1514 2387 honoribus,
1529 2342 1574 2378 et

33 2409 334 2464 voluptatibus
355 2409 455 2457 suis,
477 2407 666 2462 patriam
689 2407 876 2460 reliquit,
897 2407 938 2447 in
961 2406 1097 2447 exilio
1119 2420 1242 2447 suam
1260 2405 1397 2447 vitam
1421 2406 1573 2448 finivit.

35 2479 455 2532 EtTheophrastus
489 2478 582 2532 ejus
617 2478 849 2531 precipuus
882 2490 1105 2518 successor
1136 2475 1178 2516 in
1210 2475 1501 2529 philosophia,
1526 2481 1573 2517 ut

34 2548 205 2590 Tullius
234 2548 388 2589 recitat
419 2548 474 2589 de
506 2547 567 2588 eis
599 2547 641 2588 in
660 2552 706 2600 5⁰
730 2546 799 2587 De
828 2545 1131 2598 Quescz'onz'bzcs
1165 2544 1433 2596 Tusculanis,
1462 2559 1571 2598 qua-

33 2619 151 2660 tinus
173 2623 407 2671 postquam
426 2623 607 2670 uterque
621 2616 840 2657 docuisset
858 2616 1045 2670 qualiter
1062 2615 1104 2655 in
1126 2614 1348 2668 republica
1371 2615 1571 2668 princeps

35 2687 287 2729 conveniret
317 2685 637 2737 inchnaciones,
661 2693 705 2728 et
731 2691 956 2727 momenta
988 2691 1236 2739 temporum
1268 2684 1427 2738 quibus
1458 2690 1572 2726 esset

257 2798 270 2818 ¹
290 2800 300 2830 ’ἓ
319 2798 390 2829 MS.
407 2798 539 2830 decem.
585 2796 669 2828 This
684 2802 769 2828 tract
787 2797 815 2828 is
831 2796 989 2827 included
1005 2796 1038 2827 in
1056 2796 1115 2827 the
1131 2796 1182 2827 De
1196 2795 1355 2827 Sct'entiis.

252 2850 264 2867 ²
288 2850 339 2881 De
353 2850 428 2881 Fz'n.
445 2860 476 2882 v,
493 2861 523 2889 4.
875 2848 887 2866 ³
913 2847 988 2880 MS.
1007 2848 1108 2888 leget.

1593 1716 1715 1748 28:12.
