<?xml version="1.0" encoding="UTF-8"?>
<!DOCTYPE html PUBLIC "-//W3C//DTD XHTML 1.0 Transitional//EN"
    "http://www.w3.org/TR/xhtml1/DTD/xhtml1-transitional.dtd">
<html xmlns="http://www.w3.org/1999/xhtml" xml:lang="en" lang="en">
 <head>
  <title>
</title>
<meta http-equiv="Content-Type" content="text/html;charset=utf-8" />
  <meta name='ocr-system' content='tesseract 3.04.00' />
  <meta name='ocr-capabilities' content='ocr_page ocr_carea ocr_par ocr_line ocrx_word'/>
</head>
<body>
  <div class='ocr_page' id='page_1' title='image "./operahactenusine01baco_0023.png"; bbox 0 0 1904 3171; ppageno 0'>
   <div class='ocr_carea' id='block_1_1' title="bbox 799 185 824 222">
    <p class='ocr_par' dir='ltr' id='par_1_1' title="bbox 799 185 824 222">
     <span class='ocr_line' id='line_1_1' title="bbox 799 185 824 222; baseline 0 0"><span class='ocrx_word' id='word_1_1' title='bbox 799 185 824 222; x_wconf 90' lang='lat'><strong>9</strong></span> 
     </span>
    </p>
   </div>
   <div class='ocr_carea' id='block_1_2' title="bbox 43 287 1584 2356">
    <p class='ocr_par' dir='ltr' id='par_1_2' title="bbox 43 287 1584 2356">
     <span class='ocr_line' id='line_1_2' title="bbox 43 287 1571 343; baseline -0.003 -12"><span class='ocrx_word' id='word_1_2' title='bbox 43 296 110 331; x_wconf 89' lang='lat' dir='ltr'>set</span> <span class='ocrx_word' id='word_1_3' title='bbox 152 289 355 343; x_wconf 85' lang='lat' dir='ltr'><strong>precipue</strong></span> <span class='ocrx_word' id='word_1_4' title='bbox 397 290 439 330; x_wconf 91' lang='lat' dir='ltr'>in</span> <span class='ocrx_word' id='word_1_5' title='bbox 481 291 717 331; x_wconf 86' lang='lat' dir='ltr'>secundam</span> <span class='ocrx_word' id='word_1_6' title='bbox 737 288 765 338; x_wconf 88' lang='lat'>¹,</span> <span class='ocrx_word' id='word_1_7' title='bbox 802 289 907 330; x_wconf 90' lang='lat' dir='ltr'>dicit</span> <span class='ocrx_word' id='word_1_8' title='bbox 949 294 1078 330; x_wconf 85' lang='lat' dir='ltr'>sexto</span> <span class='ocrx_word' id='word_1_9' title='bbox 1120 287 1257 328; x_wconf 90' lang='lat' dir='ltr'>libro:</span> <span class='ocrx_word' id='word_1_10' title='bbox 1312 287 1488 328; x_wconf 88' lang='lat' dir='ltr'>‘Oritur</span> <span class='ocrx_word' id='word_1_11' title='bbox 1529 287 1571 327; x_wconf 90' lang='lat' dir='ltr'>in</span> 
     </span>
     <span class='ocr_line' id='line_1_3' title="bbox 45 357 1571 414; baseline -0.002 -15"><span class='ocrx_word' id='word_1_12' title='bbox 45 360 187 412; x_wconf 87' lang='lat' dir='ltr'>primo</span> <span class='ocrx_word' id='word_1_13' title='bbox 219 359 387 401; x_wconf 90' lang='lat' dir='ltr'>decano</span> <span class='ocrx_word' id='word_1_14' title='bbox 409 359 603 414; x_wconf 83' lang='lat' dir='ltr'>Virginis</span> <span class='ocrx_word' id='word_1_15' title='bbox 635 366 680 400; x_wconf 92' lang='lat' dir='ltr'>ut</span> <span class='ocrx_word' id='word_1_16' title='bbox 705 360 849 410; x_wconf 90' lang='lat' dir='ltr'>Perse,</span> <span class='ocrx_word' id='word_1_17' title='bbox 871 358 1035 409; x_wconf 87' lang='lat' dir='ltr'>Caldei‚</span> <span class='ocrx_word' id='word_1_18' title='bbox 1060 357 1257 412; x_wconf 82' lang='lat' dir='ltr'>Egyptii,</span> <span class='ocrx_word' id='word_1_19' title='bbox 1287 357 1571 410; x_wconf 90' lang='lat' dir='ltr'>omniumque</span> 
     </span>
     <span class='ocr_line' id='line_1_4' title="bbox 44 426 1574 483; baseline -0.003 -13"><span class='ocrx_word' id='word_1_20' title='bbox 44 429 180 471; x_wconf 91' lang='lat' dir='ltr'>duces</span> <span class='ocrx_word' id='word_1_21' title='bbox 213 429 404 470; x_wconf 89' lang='lat' dir='ltr'>Hermes</span> <span class='ocrx_word' id='word_1_22' title='bbox 441 436 484 470; x_wconf 91' lang='lat' dir='ltr'>et</span> <span class='ocrx_word' id='word_1_23' title='bbox 515 429 713 470; x_wconf 87' lang='lat' dir='ltr'>Astabus</span> <span class='ocrx_word' id='word_1_24' title='bbox 728 429 756 469; x_wconf 85' lang='lat'>2.</span> <span class='ocrx_word' id='word_1_25' title='bbox 816 429 862 469; x_wconf 94' lang='lat' dir='ltr'><strong>A</strong></span> <span class='ocrx_word' id='word_1_26' title='bbox 896 428 1037 483; x_wconf 88' lang='lat' dir='ltr'>prima</span> <span class='ocrx_word' id='word_1_27' title='bbox 1072 433 1189 468; x_wconf 88' lang='lat' dir='ltr'>etate</span> <span class='ocrx_word' id='word_1_28' title='bbox 1222 427 1408 468; x_wconf 81' lang='lat' dir='ltr'><strong>docent:</strong></span> <span class='ocrx_word' id='word_1_29' title='bbox 1450 426 1574 480; x_wconf 86' lang='lat' dir='ltr'>virgo</span> 
     </span>
     <span class='ocr_line' id='line_1_5' title="bbox 46 495 1575 552; baseline -0.002 -14"><span class='ocrx_word' id='word_1_30' title='bbox 46 498 219 546; x_wconf 91' lang='lat' dir='ltr'>munda,</span> <span class='ocrx_word' id='word_1_31' title='bbox 253 497 397 551; x_wconf 89' lang='lat' dir='ltr'>puella</span> <span class='ocrx_word' id='word_1_32' title='bbox 429 499 539 549; x_wconf 92' lang='lat' dir='ltr'>dico,</span> <span class='ocrx_word' id='word_1_33' title='bbox 571 499 693 552; x_wconf 86' lang='lat' dir='ltr'>virgo</span> <span class='ocrx_word' id='word_1_34' title='bbox 726 498 1019 549; x_wconf 86' lang='lat' dir='ltr'>immaculata,</span> <span class='ocrx_word' id='word_1_35' title='bbox 1051 510 1233 550; x_wconf 90' lang='lat' dir='ltr'>corpore</span> <span class='ocrx_word' id='word_1_36' title='bbox 1264 497 1438 544; x_wconf 87' lang='lat' dir='ltr'>decora,</span> <span class='ocrx_word' id='word_1_37' title='bbox 1470 495 1575 535; x_wconf 89' lang='lat' dir='ltr'>wltu</span> 
     </span>
     <span class='ocr_line' id='line_1_6' title="bbox 44 563 1577 620; baseline -0.002 -13"><span class='ocrx_word' id='word_1_38' title='bbox 44 567 240 617; x_wconf 89' lang='lat' dir='ltr'>honesta,</span> <span class='ocrx_word' id='word_1_39' title='bbox 278 581 460 620; x_wconf 91' lang='lat' dir='ltr'>puerum</span> <span class='ocrx_word' id='word_1_40' title='bbox 501 569 693 608; x_wconf 88' lang='lat' dir='ltr'>nutriens</span> <span class='ocrx_word' id='word_1_41' title='bbox 727 596 735 606; x_wconf 95' lang='lat'>.</span> <span class='ocrx_word' id='word_1_42' title='bbox 769 599 777 608; x_wconf 88' lang='lat'><strong>.</strong></span> <span class='ocrx_word' id='word_1_43' title='bbox 813 599 821 607; x_wconf 95' lang='lat'><strong><em>.</em></strong></span> <span class='ocrx_word' id='word_1_44' title='bbox 855 567 897 607; x_wconf 96' lang='lat' dir='ltr'>in</span> <span class='ocrx_word' id='word_1_45' title='bbox 935 567 1030 608; x_wconf 93' lang='lat' dir='ltr'>loco</span> <span class='ocrx_word' id='word_1_46' title='bbox 1071 566 1139 608; x_wconf 91' lang='lat' dir='ltr'>cui</span> <span class='ocrx_word' id='word_1_47' title='bbox 1180 579 1341 606; x_wconf 89' lang='lat' dir='ltr'>nomen</span> <span class='ocrx_word' id='word_1_48' title='bbox 1397 563 1577 604; x_wconf 87' lang='lat' dir='ltr'>Hebrea</span> 
     </span>
     <span class='ocr_line' id='line_1_7' title="bbox 44 634 1576 691; baseline -0.003 -14"><span class='ocrx_word' id='word_1_49' title='bbox 44 634 145 691; x_wconf 93' lang='lat' dir='ltr'>(hoc</span> <span class='ocrx_word' id='word_1_50' title='bbox 184 642 262 685; x_wconf 89' lang='lat' dir='ltr'>est,</span> <span class='ocrx_word' id='word_1_51' title='bbox 300 637 342 676; x_wconf 93' lang='lat' dir='ltr'>in</span> <span class='ocrx_word' id='word_1_52' title='bbox 379 642 492 677; x_wconf 91' lang='lat' dir='ltr'>terra</span> <span class='ocrx_word' id='word_1_53' title='bbox 531 634 840 691; x_wconf 79' lang='lat' dir='ltr'>Hebreomm),</span> <span class='ocrx_word' id='word_1_54' title='bbox 877 649 1061 689; x_wconf 88' lang='lat' dir='ltr'>puerum</span> <span class='ocrx_word' id='word_1_55' title='bbox 1097 636 1209 683; x_wconf 86' lang='lat' dir='ltr'>dico,</span> <span class='ocrx_word' id='word_1_56' title='bbox 1249 649 1274 676; x_wconf 88' lang='lat' dir='ltr'>a</span> <span class='ocrx_word' id='word_1_57' title='bbox 1308 634 1576 688; x_wconf 88' lang='lat' dir='ltr'>quibusdam</span> 
     </span>
     <span class='ocr_line' id='line_1_8' title="bbox 45 702 1578 759; baseline -0.003 -13"><span class='ocrx_word' id='word_1_58' title='bbox 45 705 295 746; x_wconf 89' lang='lat' dir='ltr'>nationibus</span> <span class='ocrx_word' id='word_1_59' title='bbox 338 705 612 746; x_wconf 87' lang='lat' dir='ltr'>nominatum</span> <span class='ocrx_word' id='word_1_60' title='bbox 656 706 844 756; x_wconf 89' lang='lat' dir='ltr'>Ihesum‚</span> <span class='ocrx_word' id='word_1_61' title='bbox 880 719 1010 759; x_wconf 89' lang='lat' dir='ltr'>quern</span> <span class='ocrx_word' id='word_1_62' title='bbox 1053 718 1133 746; x_wconf 91' lang='lat' dir='ltr'>nos</span> <span class='ocrx_word' id='word_1_63' title='bbox 1175 703 1397 746; x_wconf 86' lang='lat' dir='ltr'>Christum</span> <span class='ocrx_word' id='word_1_64' title='bbox 1441 702 1578 744; x_wconf 87' lang='lat' dir='ltr'>Grece</span> 
     </span>
     <span class='ocr_line' id='line_1_9' title="bbox 46 771 1576 829; baseline -0.003 -13"><span class='ocrx_word' id='word_1_65' title='bbox 46 771 254 816; x_wconf 63' lang='lat' dir='ltr'>dicimus?</span> <span class='ocrx_word' id='word_1_66' title='bbox 318 774 411 816; x_wconf 90' lang='lat' dir='ltr'>Nec</span> <span class='ocrx_word' id='word_1_67' title='bbox 445 781 589 829; x_wconf 90' lang='lat' dir='ltr'>potest</span> <span class='ocrx_word' id='word_1_68' title='bbox 617 776 733 816; x_wconf 91' lang='lat' dir='ltr'>istud</span> <span class='ocrx_word' id='word_1_69' title='bbox 766 776 822 816; x_wconf 91' lang='lat' dir='ltr'>ad</span> <span class='ocrx_word' id='word_1_70' title='bbox 854 775 994 816; x_wconf 90' lang='lat' dir='ltr'>solam</span> <span class='ocrx_word' id='word_1_71' title='bbox 1023 773 1276 828; x_wconf 81' lang='lat' dir='ltr'>ymaginem</span> <span class='ocrx_word' id='word_1_72' title='bbox 1308 772 1388 812; x_wconf 92' lang='lat' dir='ltr'>celi</span> <span class='ocrx_word' id='word_1_73' title='bbox 1420 771 1576 822; x_wconf 88' lang='lat' dir='ltr'>referri,</span> 
     </span>
     <span class='ocr_line' id='line_1_10' title="bbox 46 839 1578 898; baseline -0.002 -14"><span class='ocrx_word' id='word_1_74' title='bbox 46 850 226 898; x_wconf 88' lang='lat' dir='ltr'>propter</span> <span class='ocrx_word' id='word_1_75' title='bbox 255 844 339 885; x_wconf 94' lang='lat' dir='ltr'>hoc</span> <span class='ocrx_word' id='word_1_76' title='bbox 372 846 491 898; x_wconf 91' lang='lat' dir='ltr'>quod</span> <span class='ocrx_word' id='word_1_77' title='bbox 523 845 631 886; x_wconf 91' lang='lat' dir='ltr'>dicit</span> <span class='ocrx_word' id='word_1_78' title='bbox 661 845 728 885; x_wconf 89' lang='lat' dir='ltr'>‘in</span> <span class='ocrx_word' id='word_1_79' title='bbox 759 845 856 886; x_wconf 91' lang='lat' dir='ltr'>loco</span> <span class='ocrx_word' id='word_1_80' title='bbox 887 845 955 885; x_wconf 92' lang='lat' dir='ltr'>cui</span> <span class='ocrx_word' id='word_1_81' title='bbox 986 857 1147 885; x_wconf 91' lang='lat' dir='ltr'>nomen</span> <span class='ocrx_word' id='word_1_82' title='bbox 1181 839 1384 892; x_wconf 88' lang='lat' dir='ltr'>Hebrea,&#39;</span> <span class='ocrx_word' id='word_1_83' title='bbox 1416 842 1457 882; x_wconf 95' lang='lat' dir='ltr'>in</span> <span class='ocrx_word' id='word_1_84' title='bbox 1489 855 1578 894; x_wconf 92' lang='lat' dir='ltr'>quo</span> 
     </span>
     <span class='ocr_line' id='line_1_11' title="bbox 47 911 1578 968; baseline -0.002 -15"><span class='ocrx_word' id='word_1_85' title='bbox 47 912 266 954; x_wconf 83' lang='lat' dir='ltr'>Dominus</span> <span class='ocrx_word' id='word_1_86' title='bbox 293 921 420 956; x_wconf 90' lang='lat' dir='ltr'>natus</span> <span class='ocrx_word' id='word_1_87' title='bbox 443 914 531 965; x_wconf 90' lang='lat' dir='ltr'>fuit,</span> <span class='ocrx_word' id='word_1_88' title='bbox 550 921 593 955; x_wconf 91' lang='lat' dir='ltr'>et</span> <span class='ocrx_word' id='word_1_89' title='bbox 614 915 706 968; x_wconf 90' lang='lat' dir='ltr'>ipse</span> <span class='ocrx_word' id='word_1_90' title='bbox 728 913 847 955; x_wconf 89' lang='lat' dir='ltr'>alibi.</span> <span class='ocrx_word' id='word_1_91' title='bbox 895 914 954 955; x_wconf 90' lang='lat' dir='ltr'>Et</span> <span class='ocrx_word' id='word_1_92' title='bbox 976 913 1172 954; x_wconf 89' lang='lat' dir='ltr'>similiter</span> <span class='ocrx_word' id='word_1_93' title='bbox 1189 911 1319 953; x_wconf 90' lang='lat' dir='ltr'>ceteri</span> <span class='ocrx_word' id='word_1_94' title='bbox 1337 911 1578 952; x_wconf 81' lang='lat' dir='ltr'>astronomi</span> 
     </span>
     <span class='ocr_line' id='line_1_12' title="bbox 46 980 1579 1035; baseline -0.001 -13"><span class='ocrx_word' id='word_1_95' title='bbox 46 983 103 1023; x_wconf 89' lang='lat' dir='ltr'>ad</span> <span class='ocrx_word' id='word_1_96' title='bbox 133 981 321 1024; x_wconf 82' lang='lat' dir='ltr'>litteram</span> <span class='ocrx_word' id='word_1_97' title='bbox 355 984 410 1025; x_wconf 93' lang='lat' dir='ltr'>de</span> <span class='ocrx_word' id='word_1_98' title='bbox 443 984 674 1025; x_wconf 80' lang='lat' dir='ltr'>nativitate</span> <span class='ocrx_word' id='word_1_99' title='bbox 697 981 879 1024; x_wconf 88' lang='lat' dir='ltr'>Domini</span> <span class='ocrx_word' id='word_1_100' title='bbox 910 983 993 1023; x_wconf 92' lang='lat' dir='ltr'>hoc</span> <span class='ocrx_word' id='word_1_101' title='bbox 1025 988 1297 1035; x_wconf 87' lang='lat' dir='ltr'>acceperunt.</span> <span class='ocrx_word' id='word_1_102' title='bbox 1360 980 1420 1021; x_wconf 89' lang='lat' dir='ltr'>Et</span> <span class='ocrx_word' id='word_1_103' title='bbox 1449 994 1579 1035; x_wconf 89' lang='lat' dir='ltr'>super</span> 
     </span>
     <span class='ocr_line' id='line_1_13' title="bbox 47 1049 1578 1105; baseline -0.001 -14"><span class='ocrx_word' id='word_1_104' title='bbox 47 1051 154 1092; x_wconf 91' lang='lat' dir='ltr'>illud</span> <span class='ocrx_word' id='word_1_105' title='bbox 212 1053 393 1094; x_wconf 91' lang='lat' dir='ltr'>verbum</span> <span class='ocrx_word' id='word_1_106' title='bbox 453 1053 599 1095; x_wconf 90' lang='lat' dir='ltr'>Boecii</span> <span class='ocrx_word' id='word_1_107' title='bbox 649 1053 717 1094; x_wconf 86' lang='lat' dir='ltr'>De</span> <span class='ocrx_word' id='word_1_108' title='bbox 761 1052 1006 1105; x_wconf 59' lang='lat' dir='ltr'>Dz’sczplz&#39;na</span> <span class='ocrx_word' id='word_1_109' title='bbox 1059 1051 1303 1092; x_wconf 70' lang='lat' dir='ltr'>scolarium</span> <span class='ocrx_word' id='word_1_110' title='bbox 1356 1052 1365 1069; x_wconf 89' lang='lat'>‘</span> <span class='ocrx_word' id='word_1_111' title='bbox 1384 1049 1578 1090; x_wconf 78' lang='lat' dir='ltr'>Platonis</span> 
     </span>
     <span class='ocr_line' id='line_1_14' title="bbox 46 1118 1577 1176; baseline -0.003 -15"><span class='ocrx_word' id='word_1_112' title='bbox 46 1121 232 1174; x_wconf 89' lang='lat' dir='ltr'>probata</span> <span class='ocrx_word' id='word_1_113' title='bbox 264 1120 430 1171; x_wconf 89' lang='lat' dir='ltr'>deita-s‚&#39;</span> <span class='ocrx_word' id='word_1_114' title='bbox 463 1123 623 1176; x_wconf 82' lang='lat' dir='ltr'>legitur</span> <span class='ocrx_word' id='word_1_115' title='bbox 655 1123 697 1163; x_wconf 94' lang='lat' dir='ltr'>in</span> <span class='ocrx_word' id='word_1_116' title='bbox 729 1122 1042 1163; x_wconf 90' lang='lat' dir='ltr'>commentario</span> <span class='ocrx_word' id='word_1_117' title='bbox 1058 1120 1086 1161; x_wconf 83' lang='lat'>3.</span> <span class='ocrx_word' id='word_1_118' title='bbox 1148 1120 1377 1160; x_wconf 86' lang='lat' dir='ltr'>Inventam</span> <span class='ocrx_word' id='word_1_119' title='bbox 1410 1132 1503 1160; x_wconf 89' lang='lat' dir='ltr'>esse</span> <span class='ocrx_word' id='word_1_120' title='bbox 1535 1118 1577 1158; x_wconf 91' lang='lat' dir='ltr'>in</span> 
     </span>
     <span class='ocr_line' id='line_1_15' title="bbox 46 1188 1581 1245; baseline -0.001 -16"><span class='ocrx_word' id='word_1_121' title='bbox 46 1190 202 1231; x_wconf 87' lang='lat' dir='ltr'>tumba</span> <span class='ocrx_word' id='word_1_122' title='bbox 240 1190 434 1233; x_wconf 83' lang='lat' dir='ltr'>Platonis</span> <span class='ocrx_word' id='word_1_123' title='bbox 472 1205 602 1245; x_wconf 87' lang='lat' dir='ltr'>super</span> <span class='ocrx_word' id='word_1_124' title='bbox 639 1191 731 1244; x_wconf 91' lang='lat' dir='ltr'>ejus</span> <span class='ocrx_word' id='word_1_125' title='bbox 768 1197 918 1245; x_wconf 88' lang='lat' dir='ltr'>pectus</span> <span class='ocrx_word' id='word_1_126' title='bbox 956 1190 1161 1230; x_wconf 89' lang='lat' dir='ltr'>laminam</span> <span class='ocrx_word' id='word_1_127' title='bbox 1198 1201 1374 1234; x_wconf 79' lang='lat' dir='ltr'>auream</span> <span class='ocrx_word' id='word_1_128' title='bbox 1412 1188 1455 1227; x_wconf 91' lang='lat' dir='ltr'>in</span> <span class='ocrx_word' id='word_1_129' title='bbox 1493 1201 1581 1240; x_wconf 94' lang='lat' dir='ltr'>qua</span> 
     </span>
     <span class='ocr_line' id='line_1_16' title="bbox 46 1257 1580 1312; baseline -0.003 -12"><span class='ocrx_word' id='word_1_130' title='bbox 46 1259 257 1312; x_wconf 90' lang='lat' dir='ltr'>scriptum</span> <span class='ocrx_word' id='word_1_131' title='bbox 302 1260 405 1302; x_wconf 90' lang='lat' dir='ltr'>fuit:</span> <span class='ocrx_word' id='word_1_132' title='bbox 450 1259 620 1302; x_wconf 87' lang='lat' dir='ltr'>‘Credo</span> <span class='ocrx_word' id='word_1_133' title='bbox 661 1261 704 1301; x_wconf 91' lang='lat' dir='ltr'>in</span> <span class='ocrx_word' id='word_1_134' title='bbox 744 1260 967 1302; x_wconf 86' lang='lat' dir='ltr'>Christum</span> <span class='ocrx_word' id='word_1_135' title='bbox 1006 1259 1274 1300; x_wconf 87' lang='lat' dir='ltr'>nasciturum</span> <span class='ocrx_word' id='word_1_136' title='bbox 1312 1257 1367 1298; x_wconf 94' lang='lat' dir='ltr'>de</span> <span class='ocrx_word' id='word_1_137' title='bbox 1400 1257 1580 1311; x_wconf 86' lang='lat' dir='ltr'>virgine,</span> 
     </span>
     <span class='ocr_line' id='line_1_17' title="bbox 47 1326 1579 1383; baseline -0.002 -14"><span class='ocrx_word' id='word_1_138' title='bbox 47 1342 276 1383; x_wconf 89' lang='lat' dir='ltr'>passurum</span> <span class='ocrx_word' id='word_1_139' title='bbox 313 1343 391 1382; x_wconf 92' lang='lat' dir='ltr'>pro</span> <span class='ocrx_word' id='word_1_140' title='bbox 427 1329 623 1371; x_wconf 91' lang='lat' dir='ltr'>humano</span> <span class='ocrx_word' id='word_1_141' title='bbox 659 1343 829 1383; x_wconf 81' lang='lat' dir='ltr'>genere,</span> <span class='ocrx_word' id='word_1_142' title='bbox 860 1336 902 1370; x_wconf 90' lang='lat' dir='ltr'>et</span> <span class='ocrx_word' id='word_1_143' title='bbox 939 1328 1070 1370; x_wconf 87' lang='lat' dir='ltr'>tercia</span> <span class='ocrx_word' id='word_1_144' title='bbox 1106 1328 1177 1368; x_wconf 92' lang='lat' dir='ltr'>die</span> <span class='ocrx_word' id='word_1_145' title='bbox 1217 1326 1579 1367; x_wconf 90' lang='lat' dir='ltr'>resurrecturum.&#39;</span> 
     </span>
     <span class='ocr_line' id='line_1_18' title="bbox 47 1395 1578 1453; baseline -0.003 -14"><span class='ocrx_word' id='word_1_146' title='bbox 47 1397 200 1451; x_wconf 89' lang='lat' dir='ltr'>Atque</span> <span class='ocrx_word' id='word_1_147' title='bbox 232 1398 418 1439; x_wconf 90' lang='lat' dir='ltr'>Ethicus</span> <span class='ocrx_word' id='word_1_148' title='bbox 449 1399 736 1453; x_wconf 89' lang='lat' dir='ltr'>philosophus</span> <span class='ocrx_word' id='word_1_149' title='bbox 769 1399 811 1439; x_wconf 91' lang='lat' dir='ltr'>in</span> <span class='ocrx_word' id='word_1_150' title='bbox 842 1399 954 1439; x_wconf 90' lang='lat' dir='ltr'>libro</span> <span class='ocrx_word' id='word_1_151' title='bbox 986 1395 1215 1451; x_wconf 77' lang='lat' dir='ltr'>predicto4</span> <span class='ocrx_word' id='word_1_152' title='bbox 1241 1395 1420 1449; x_wconf 91' lang='lat' dir='ltr'>pulchre</span> <span class='ocrx_word' id='word_1_153' title='bbox 1452 1395 1578 1436; x_wconf 91' lang='lat' dir='ltr'>dicit:</span> 
     </span>
     <span class='ocr_line' id='line_1_19' title="bbox 46 1465 1582 1520; baseline -0.002 -12"><span class='ocrx_word' id='word_1_154' title='bbox 46 1469 55 1486; x_wconf 91' lang='lat'>‘</span> <span class='ocrx_word' id='word_1_155' title='bbox 71 1467 185 1520; x_wconf 91' lang='lat' dir='ltr'>Justi</span> <span class='ocrx_word' id='word_1_156' title='bbox 207 1468 354 1509; x_wconf 91' lang='lat' dir='ltr'>videre</span> <span class='ocrx_word' id='word_1_157' title='bbox 377 1470 660 1510; x_wconf 90' lang='lat' dir='ltr'>merebuntur</span> <span class='ocrx_word' id='word_1_158' title='bbox 678 1469 922 1509; x_wconf 91' lang='lat' dir='ltr'>Dominum</span> <span class='ocrx_word' id='word_1_159' title='bbox 941 1468 1088 1508; x_wconf 91' lang='lat' dir='ltr'>Deum</span> <span class='ocrx_word' id='word_1_160' title='bbox 1114 1480 1255 1515; x_wconf 88' lang='lat' dir='ltr'>suum,</span> <span class='ocrx_word' id='word_1_161' title='bbox 1271 1465 1582 1518; x_wconf 89' lang='lat' dir='ltr'>Christumque</span> 
     </span>
     <span class='ocr_line' id='line_1_20' title="bbox 48 1534 1581 1592; baseline -0.002 -16"><span class='ocrx_word' id='word_1_162' title='bbox 48 1550 195 1591; x_wconf 87' lang='lat' dir='ltr'>regem</span> <span class='ocrx_word' id='word_1_163' title='bbox 235 1551 375 1590; x_wconf 88' lang='lat' dir='ltr'>suum,</span> <span class='ocrx_word' id='word_1_164' title='bbox 408 1545 453 1579; x_wconf 90' lang='lat' dir='ltr'>et</span> <span class='ocrx_word' id='word_1_165' title='bbox 489 1538 613 1592; x_wconf 82' lang='lat' dir='ltr'>signa</span> <span class='ocrx_word' id='word_1_166' title='bbox 654 1544 698 1578; x_wconf 94' lang='lat' dir='ltr'>et</span> <span class='ocrx_word' id='word_1_167' title='bbox 730 1537 892 1591; x_wconf 82' lang='lat' dir='ltr'>figuras</span> <span class='ocrx_word' id='word_1_168' title='bbox 925 1536 1147 1578; x_wconf 88' lang='lat' dir='ltr'>clavorum</span> <span class='ocrx_word' id='word_1_169' title='bbox 1180 1566 1188 1575; x_wconf 91' lang='lat'>.</span> <span class='ocrx_word' id='word_1_170' title='bbox 1221 1566 1229 1575; x_wconf 91' lang='lat'><strong>.</strong></span> <span class='ocrx_word' id='word_1_171' title='bbox 1264 1534 1581 1587; x_wconf 81' lang='lat' dir='ltr'>‚Verbumque</span> 
     </span>
     <span class='ocr_line' id='line_1_21' title="bbox 50 1602 1581 1661; baseline -0.003 -15"><span class='ocrx_word' id='word_1_172' title='bbox 50 1605 190 1647; x_wconf 90' lang='lat' dir='ltr'>Patris</span> <span class='ocrx_word' id='word_1_173' title='bbox 206 1612 340 1660; x_wconf 86' lang='lat' dir='ltr'>atque</span> <span class='ocrx_word' id='word_1_174' title='bbox 357 1607 620 1661; x_wconf 87' lang='lat' dir='ltr'>principium</span> <span class='ocrx_word' id='word_1_175' title='bbox 638 1621 736 1648; x_wconf 92' lang='lat' dir='ltr'>cum</span> <span class='ocrx_word' id='word_1_176' title='bbox 755 1621 806 1648; x_wconf 92' lang='lat' dir='ltr'>eo</span> <span class='ocrx_word' id='word_1_177' title='bbox 829 1613 986 1647; x_wconf 91' lang='lat' dir='ltr'>cuncta</span> <span class='ocrx_word' id='word_1_178' title='bbox 1008 1602 1300 1659; x_wconf 87' lang='lat' dir='ltr'>componens.&#39;</span> <span class='ocrx_word' id='word_1_179' title='bbox 1348 1603 1581 1655; x_wconf 89' lang='lat' dir='ltr'>Multaque</span> 
     </span>
     <span class='ocr_line' id='line_1_22' title="bbox 48 1674 1582 1729; baseline -0.003 -13"><span class='ocrx_word' id='word_1_180' title='bbox 48 1675 133 1716; x_wconf 88' lang='lat' dir='ltr'>alia</span> <span class='ocrx_word' id='word_1_181' title='bbox 183 1676 300 1716; x_wconf 92' lang='lat' dir='ltr'>dicit.</span> <span class='ocrx_word' id='word_1_182' title='bbox 384 1677 443 1718; x_wconf 90' lang='lat' dir='ltr'>Et</span> <span class='ocrx_word' id='word_1_183' title='bbox 490 1677 687 1717; x_wconf 90' lang='lat' dir='ltr'>similiter</span> <span class='ocrx_word' id='word_1_184' title='bbox 725 1676 958 1717; x_wconf 87' lang='lat' dir='ltr'>Alchimus</span> <span class='ocrx_word' id='word_1_185' title='bbox 1002 1675 1290 1729; x_wconf 89' lang='lat' dir='ltr'>philosophus</span> <span class='ocrx_word' id='word_1_186' title='bbox 1335 1674 1491 1714; x_wconf 91' lang='lat' dir='ltr'>eadem</span> <span class='ocrx_word' id='word_1_187' title='bbox 1539 1679 1582 1713; x_wconf 92' lang='lat' dir='ltr'>et</span> 
     </span>
     <span class='ocr_line' id='line_1_23' title="bbox 49 1742 1582 1794; baseline -0.003 -7"><span class='ocrx_word' id='word_1_188' title='bbox 49 1746 291 1787; x_wconf 88' lang='lat' dir='ltr'>consimilia</span> <span class='ocrx_word' id='word_1_189' title='bbox 307 1747 418 1788; x_wconf 90' lang='lat' dir='ltr'>sicut</span> <span class='ocrx_word' id='word_1_190' title='bbox 439 1747 483 1787; x_wconf 91' lang='lat' dir='ltr'>in</span> <span class='ocrx_word' id='word_1_191' title='bbox 505 1761 656 1788; x_wconf 90' lang='lat' dir='ltr'>eorum</span> <span class='ocrx_word' id='word_1_192' title='bbox 679 1747 797 1787; x_wconf 90' lang='lat' dir='ltr'>libris</span> <span class='ocrx_word' id='word_1_193' title='bbox 820 1746 1110 1794; x_wconf 87' lang='lat' dir='ltr'>manifestum,</span> <span class='ocrx_word' id='word_1_194' title='bbox 1128 1751 1171 1785; x_wconf 93' lang='lat' dir='ltr'>et</span> <span class='ocrx_word' id='word_1_195' title='bbox 1197 1745 1353 1785; x_wconf 88' lang='lat' dir='ltr'>beatus</span> <span class='ocrx_word' id='word_1_196' title='bbox 1376 1742 1582 1783; x_wconf 89' lang='lat' dir='ltr'>Hieroni-</span> 
     </span>
     <span class='ocr_line' id='line_1_24' title="bbox 51 1810 1583 1862; baseline -0.003 -6"><span class='ocrx_word' id='word_1_197' title='bbox 51 1829 148 1856; x_wconf 91' lang='lat' dir='ltr'>mus</span> <span class='ocrx_word' id='word_1_198' title='bbox 179 1816 302 1857; x_wconf 91' lang='lat' dir='ltr'>testis</span> <span class='ocrx_word' id='word_1_199' title='bbox 333 1822 410 1857; x_wconf 90' lang='lat' dir='ltr'>est.</span> <span class='ocrx_word' id='word_1_200' title='bbox 474 1816 534 1857; x_wconf 92' lang='lat' dir='ltr'>Et</span> <span class='ocrx_word' id='word_1_201' title='bbox 564 1817 600 1858; x_wconf 91' lang='lat' dir='ltr'>si</span> <span class='ocrx_word' id='word_1_202' title='bbox 631 1822 880 1858; x_wconf 86' lang='lat' dir='ltr'>avertamus</span> <span class='ocrx_word' id='word_1_203' title='bbox 910 1815 1126 1856; x_wconf 86' lang='lat' dir='ltr'>‘Nasonis</span> <span class='ocrx_word' id='word_1_204' title='bbox 1157 1810 1492 1862; x_wconf 85' lang='lat' dir='ltr'>discrecionem‚&#39;</span> <span class='ocrx_word' id='word_1_205' title='bbox 1521 1811 1583 1851; x_wconf 89' lang='lat' dir='ltr'>sic</span> 
     </span>
     <span class='ocr_line' id='line_1_25' title="bbox 50 1881 1583 1939; baseline -0.003 -14"><span class='ocrx_word' id='word_1_206' title='bbox 50 1885 166 1926; x_wconf 91' lang='lat' dir='ltr'>enim</span> <span class='ocrx_word' id='word_1_207' title='bbox 204 1885 395 1939; x_wconf 89' lang='lat' dir='ltr'>loquitur</span> <span class='ocrx_word' id='word_1_208' title='bbox 430 1886 486 1928; x_wconf 91' lang='lat' dir='ltr'>de</span> <span class='ocrx_word' id='word_1_209' title='bbox 523 1900 576 1927; x_wconf 92' lang='lat' dir='ltr'>eo</span> <span class='ocrx_word' id='word_1_210' title='bbox 613 1886 798 1928; x_wconf 90' lang='lat' dir='ltr'>Boecius</span> <span class='ocrx_word' id='word_1_211' title='bbox 812 1885 841 1934; x_wconf 80' lang='lat'>5,</span> <span class='ocrx_word' id='word_1_212' title='bbox 873 1898 1002 1926; x_wconf 88' lang='lat' dir='ltr'>causa</span> <span class='ocrx_word' id='word_1_213' title='bbox 1037 1884 1191 1925; x_wconf 90' lang='lat' dir='ltr'>invitat</span> <span class='ocrx_word' id='word_1_214' title='bbox 1227 1883 1282 1924; x_wconf 89' lang='lat' dir='ltr'>ad</span> <span class='ocrx_word' id='word_1_215' title='bbox 1317 1881 1411 1935; x_wconf 87' lang='lat' dir='ltr'>ejus</span> <span class='ocrx_word' id='word_1_216' title='bbox 1447 1881 1583 1922; x_wconf 88' lang='lat' dir='ltr'>libros</span> 
     </span>
     <span class='ocr_line' id='line_1_26' title="bbox 51 1949 1584 2007; baseline -0.004 -12"><span class='ocrx_word' id='word_1_217' title='bbox 51 1955 400 2005; x_wconf 87' lang='lat' dir='ltr'>considerandos,</span> <span class='ocrx_word' id='word_1_218' title='bbox 434 1956 671 1997; x_wconf 89' lang='lat' dir='ltr'>mirabilius</span> <span class='ocrx_word' id='word_1_219' title='bbox 713 1955 917 1997; x_wconf 91' lang='lat' dir='ltr'>omnibus</span> <span class='ocrx_word' id='word_1_220' title='bbox 959 1954 1135 2007; x_wconf 85' lang='lat' dir='ltr'>loqutus</span> <span class='ocrx_word' id='word_1_221' title='bbox 1177 1958 1242 1994; x_wconf 89' lang='lat' dir='ltr'>est</span> <span class='ocrx_word' id='word_1_222' title='bbox 1284 1952 1327 1992; x_wconf 93' lang='lat' dir='ltr'>in</span> <span class='ocrx_word' id='word_1_223' title='bbox 1369 1951 1479 1992; x_wconf 91' lang='lat' dir='ltr'>libro</span> <span class='ocrx_word' id='word_1_224' title='bbox 1515 1949 1584 1989; x_wconf 80' lang='lat' dir='ltr'>De</span> 
     </span>
     <span class='ocr_line' id='line_1_27' title="bbox 49 2019 1584 2079; baseline -0.003 -16"><span class='ocrx_word' id='word_1_225' title='bbox 49 2023 304 2066; x_wconf 80' lang='lat' dir='ltr'>Mutacz&#39;one</span> <span class='ocrx_word' id='word_1_226' title='bbox 347 2024 441 2066; x_wconf 79' lang='lat' dir='ltr'>Vite</span> <span class='ocrx_word' id='word_1_227' title='bbox 479 2025 579 2076; x_wconf 75' lang='lat' dir='ltr'>Sue,</span> <span class='ocrx_word' id='word_1_228' title='bbox 611 2025 684 2079; x_wconf 90' lang='lat' dir='ltr'>qui</span> <span class='ocrx_word' id='word_1_229' title='bbox 721 2025 808 2066; x_wconf 88' lang='lat' dir='ltr'>alio</span> <span class='ocrx_word' id='word_1_230' title='bbox 841 2025 1021 2065; x_wconf 90' lang='lat' dir='ltr'>nomine</span> <span class='ocrx_word' id='word_1_231' title='bbox 1056 2022 1316 2072; x_wconf 84' lang='lat' dir='ltr'>intitulatur,</span> <span class='ocrx_word' id='word_1_232' title='bbox 1348 2020 1481 2062; x_wconf 81' lang='lat' dir='ltr'>Liber</span> <span class='ocrx_word' id='word_1_233' title='bbox 1516 2019 1584 2059; x_wconf 76' lang='lat' dir='ltr'>De</span> 
     </span>
     <span class='ocr_line' id='line_1_28' title="bbox 64 2090 1584 2148; baseline -0.003 -14"><span class='ocrx_word' id='word_1_234' title='bbox 64 2092 229 2145; x_wconf 80' lang='lat' dir='ltr'>Vetula,</span> <span class='ocrx_word' id='word_1_235' title='bbox 250 2100 429 2147; x_wconf 89' lang='lat' dir='ltr'>propter</span> <span class='ocrx_word' id='word_1_236' title='bbox 450 2108 581 2148; x_wconf 90' lang='lat' dir='ltr'>quam</span> <span class='ocrx_word' id='word_1_237' title='bbox 605 2095 798 2136; x_wconf 90' lang='lat' dir='ltr'>mutacio</span> <span class='ocrx_word' id='word_1_238' title='bbox 820 2093 936 2135; x_wconf 89' lang='lat' dir='ltr'>facta</span> <span class='ocrx_word' id='word_1_239' title='bbox 960 2093 1131 2141; x_wconf 84' lang='lat' dir='ltr'>dicitur,</span> <span class='ocrx_word' id='word_1_240' title='bbox 1153 2092 1197 2132; x_wconf 91' lang='lat' dir='ltr'>in</span> <span class='ocrx_word' id='word_1_241' title='bbox 1225 2105 1313 2144; x_wconf 92' lang='lat' dir='ltr'>quo</span> <span class='ocrx_word' id='word_1_242' title='bbox 1341 2104 1367 2131; x_wconf 90' lang='lat' dir='ltr'>a</span> <span class='ocrx_word' id='word_1_243' title='bbox 1387 2090 1584 2131; x_wconf 90' lang='lat' dir='ltr'>vanitate</span> 
     </span>
     <span class='ocr_line' id='line_1_29' title="bbox 51 2160 1583 2215; baseline -0.003 -11"><span class='ocrx_word' id='word_1_244' title='bbox 51 2163 107 2203; x_wconf 88' lang='lat' dir='ltr'>ad</span> <span class='ocrx_word' id='word_1_245' title='bbox 144 2164 384 2214; x_wconf 88' lang='lat' dir='ltr'>veritatem,</span> <span class='ocrx_word' id='word_1_246' title='bbox 417 2165 519 2206; x_wconf 89' lang='lat' dir='ltr'>inde</span> <span class='ocrx_word' id='word_1_247' title='bbox 554 2178 579 2205; x_wconf 90' lang='lat' dir='ltr'>a</span> <span class='ocrx_word' id='word_1_248' title='bbox 615 2165 766 2206; x_wconf 89' lang='lat' dir='ltr'>mundi</span> <span class='ocrx_word' id='word_1_249' title='bbox 798 2164 921 2204; x_wconf 90' lang='lat' dir='ltr'>istius</span> <span class='ocrx_word' id='word_1_250' title='bbox 955 2167 1211 2215; x_wconf 88' lang='lat' dir='ltr'>contemptu</span> <span class='ocrx_word' id='word_1_251' title='bbox 1244 2161 1299 2201; x_wconf 91' lang='lat' dir='ltr'>ad</span> <span class='ocrx_word' id='word_1_252' title='bbox 1333 2160 1583 2202; x_wconf 91' lang='lat' dir='ltr'>considera-</span> 
     </span>
     <span class='ocr_line' id='line_1_30' title="bbox 51 2230 1584 2284; baseline -0.004 -10"><span class='ocrx_word' id='word_1_253' title='bbox 51 2231 223 2274; x_wconf 89' lang='lat' dir='ltr'>cionem</span> <span class='ocrx_word' id='word_1_254' title='bbox 246 2233 423 2275; x_wconf 85' lang='lat' dir='ltr'>alterius</span> <span class='ocrx_word' id='word_1_255' title='bbox 446 2234 579 2276; x_wconf 90' lang='lat' dir='ltr'>seculi</span> <span class='ocrx_word' id='word_1_256' title='bbox 601 2240 752 2275; x_wconf 88' lang='lat' dir='ltr'>auctor</span> <span class='ocrx_word' id='word_1_257' title='bbox 771 2247 817 2274; x_wconf 90' lang='lat' dir='ltr'>se</span> <span class='ocrx_word' id='word_1_258' title='bbox 839 2232 1064 2280; x_wconf 81' lang='lat' dir='ltr'>convertit,</span> <span class='ocrx_word' id='word_1_259' title='bbox 1087 2231 1306 2284; x_wconf 90' lang='lat' dir='ltr'>inquirens</span> <span class='ocrx_word' id='word_1_260' title='bbox 1327 2230 1584 2278; x_wconf 87' lang='lat' dir='ltr'>trinitatem,</span> 
     </span>
     <span class='ocr_line' id='line_1_31' title="bbox 52 2297 1584 2356; baseline -0.004 -12"><span class='ocrx_word' id='word_1_261' title='bbox 52 2309 96 2344; x_wconf 93' lang='lat' dir='ltr'>et</span> <span class='ocrx_word' id='word_1_262' title='bbox 132 2302 497 2356; x_wconf 88' lang='lat' dir='ltr'>incarnacionem,</span> <span class='ocrx_word' id='word_1_263' title='bbox 528 2310 572 2345; x_wconf 92' lang='lat' dir='ltr'>et</span> <span class='ocrx_word' id='word_1_264' title='bbox 603 2303 981 2353; x_wconf 89' lang='lat' dir='ltr'>resurreccionem,</span> <span class='ocrx_word' id='word_1_265' title='bbox 1011 2307 1054 2342; x_wconf 90' lang='lat' dir='ltr'>et</span> <span class='ocrx_word' id='word_1_266' title='bbox 1088 2299 1226 2342; x_wconf 89' lang='lat' dir='ltr'>multa</span> <span class='ocrx_word' id='word_1_267' title='bbox 1257 2299 1451 2355; x_wconf 84' lang='lat' dir='ltr'>preclara</span> <span class='ocrx_word' id='word_1_268' title='bbox 1482 2297 1584 2339; x_wconf 89' lang='lat' dir='ltr'>fidei</span> 
     </span>
    </p>
   </div>
   <div class='ocr_carea' id='block_1_3' title="bbox 52 2446 1594 2914">
    <p class='ocr_par' dir='ltr' id='par_1_3' title="bbox 52 2446 1587 2546">
     <span class='ocr_line' id='line_1_32' title="bbox 56 2446 1587 2492; baseline -0.003 -11"><span class='ocrx_word' id='word_1_269' title='bbox 56 2450 224 2482; x_wconf 87' lang='lat' dir='ltr'>‘Habens</span> <span class='ocrx_word' id='word_1_270' title='bbox 240 2450 273 2481; x_wconf 90' lang='lat' dir='ltr'>in</span> <span class='ocrx_word' id='word_1_271' title='bbox 300 2462 400 2483; x_wconf 89' lang='lat' dir='ltr'>manu</span> <span class='ocrx_word' id='word_1_272' title='bbox 417 2462 478 2483; x_wconf 87' lang='lat' dir='ltr'>sua</span> <span class='ocrx_word' id='word_1_273' title='bbox 501 2453 586 2484; x_wconf 87' lang='lat' dir='ltr'>duas</span> <span class='ocrx_word' id='word_1_274' title='bbox 608 2451 744 2492; x_wconf 86' lang='lat' dir='ltr'>spicas‚&#39;</span> <span class='ocrx_word' id='word_1_275' title='bbox 764 2454 771 2467; x_wconf 83' lang='lat'><strong><em>¹</em></strong></span> <span class='ocrx_word' id='word_1_276' title='bbox 785 2449 908 2482; x_wconf 90' lang='lat' dir='ltr'>Abrie&#39;</span> <span class='ocrx_word' id='word_1_277' title='bbox 934 2449 1033 2489; x_wconf 89' lang='lat' dir='ltr'>being</span> <span class='ocrx_word' id='word_1_278' title='bbox 1055 2448 1113 2479; x_wconf 89' lang='lat' dir='ltr'>the</span> <span class='ocrx_word' id='word_1_279' title='bbox 1139 2447 1233 2478; x_wconf 87' lang='lat' dir='ltr'>chief</span> <span class='ocrx_word' id='word_1_280' title='bbox 1255 2447 1406 2478; x_wconf 86' lang='lat' dir='ltr'>variants</span> <span class='ocrx_word' id='word_1_281' title='bbox 1423 2446 1508 2477; x_wconf 84' lang='lat' dir='ltr'>from</span> <span class='ocrx_word' id='word_1_282' title='bbox 1527 2446 1587 2476; x_wconf 90' lang='lat' dir='ltr'>the</span> 
     </span>
     <span class='ocr_line' id='line_1_33' title="bbox 52 2498 1569 2546; baseline -0.002 -13"><span class='ocrx_word' id='word_1_283' title='bbox 52 2503 229 2544; x_wconf 85' lang='lat' dir='ltr'>quotation</span> <span class='ocrx_word' id='word_1_284' title='bbox 247 2504 347 2543; x_wconf 85' lang='lat' dir='ltr'>given</span> <span class='ocrx_word' id='word_1_285' title='bbox 364 2504 484 2536; x_wconf 87' lang='lat' dir='ltr'>above.</span> <span class='ocrx_word' id='word_1_286' title='bbox 532 2505 628 2546; x_wconf 82' lang='lat' dir='ltr'>(Alb.</span> <span class='ocrx_word' id='word_1_287' title='bbox 648 2504 749 2544; x_wconf 63' lang='lat' dir='ltr'>Mag„</span> <span class='ocrx_word' id='word_1_288' title='bbox 769 2503 882 2534; x_wconf 83' lang='lat' dir='ltr'>Parva</span> <span class='ocrx_word' id='word_1_289' title='bbox 898 2501 1087 2540; x_wconf 84' lang='lat' dir='ltr'>Naturalia,</span> <span class='ocrx_word' id='word_1_290' title='bbox 1105 2500 1126 2531; x_wconf 88' lang='lat' dir='ltr'>f.</span> <span class='ocrx_word' id='word_1_291' title='bbox 1144 2510 1208 2539; x_wconf 85' lang='lat'>232</span> <span class='ocrx_word' id='word_1_292' title='bbox 1221 2500 1241 2531; x_wconf 95' lang='lat' dir='ltr'>b</span> <span class='ocrx_word' id='word_1_293' title='bbox 1259 2510 1289 2541; x_wconf 90' lang='lat'>2,</span> <span class='ocrx_word' id='word_1_294' title='bbox 1308 2498 1437 2530; x_wconf 88' lang='lat' dir='ltr'>Venice</span> <span class='ocrx_word' id='word_1_295' title='bbox 1458 2498 1569 2540; x_wconf 88' lang='lat'>1517.)</span> 
     </span>
    </p>

    <p class='ocr_par' dir='ltr' id='par_1_4' title="bbox 95 2555 915 2597">
     <span class='ocr_line' id='line_1_34' title="bbox 95 2555 915 2597; baseline 0.001 -11"><span class='ocrx_word' id='word_1_296' title='bbox 95 2556 108 2574; x_wconf 77' lang='lat'>²</span> <span class='ocrx_word' id='word_1_297' title='bbox 130 2555 293 2587; x_wconf 87' lang='lat' dir='ltr'>videlicet</span> <span class='ocrx_word' id='word_1_298' title='bbox 309 2557 348 2587; x_wconf 88' lang='lat' dir='ltr'>of</span> <span class='ocrx_word' id='word_1_299' title='bbox 362 2557 531 2596; x_wconf 89' lang='lat' dir='ltr'>Herman,</span> <span class='ocrx_word' id='word_1_300' title='bbox 549 2567 607 2588; x_wconf 89' lang='lat' dir='ltr'>see</span> <span class='ocrx_word' id='word_1_301' title='bbox 627 2557 688 2597; x_wconf 88' lang='lat' dir='ltr'>Op.</span> <span class='ocrx_word' id='word_1_302' title='bbox 713 2556 793 2587; x_wconf 85' lang='lat' dir='ltr'>Tert.</span> <span class='ocrx_word' id='word_1_303' title='bbox 812 2566 844 2596; x_wconf 93' lang='lat' dir='ltr'>p.</span> <span class='ocrx_word' id='word_1_304' title='bbox 863 2566 915 2595; x_wconf 89' lang='lat'>49.</span> 
     </span>
    </p>

    <p class='ocr_par' dir='ltr' id='par_1_5' title="bbox 53 2604 1586 2702">
     <span class='ocr_line' id='line_1_35' title="bbox 96 2604 1586 2649; baseline -0.003 -10"><span class='ocrx_word' id='word_1_305' title='bbox 96 2607 109 2625; x_wconf 84' lang='lat'>²</span> <span class='ocrx_word' id='word_1_306' title='bbox 130 2608 162 2639; x_wconf 93' lang='lat' dir='ltr'><strong>A</strong></span> <span class='ocrx_word' id='word_1_307' title='bbox 186 2608 273 2640; x_wconf 83' lang='lat' dir='ltr'>later</span> <span class='ocrx_word' id='word_1_308' title='bbox 297 2609 390 2640; x_wconf 90' lang='lat' dir='ltr'>hand</span> <span class='ocrx_word' id='word_1_309' title='bbox 411 2611 496 2641; x_wconf 89' lang='lat' dir='ltr'>adds</span> <span class='ocrx_word' id='word_1_310' title='bbox 523 2610 558 2640; x_wconf 91' lang='lat' dir='ltr'>in</span> <span class='ocrx_word' id='word_1_311' title='bbox 584 2620 604 2641; x_wconf 89' lang='lat' dir='ltr'>a</span> <span class='ocrx_word' id='word_1_312' title='bbox 627 2609 792 2649; x_wconf 87' lang='lat' dir='ltr'>marginal</span> <span class='ocrx_word' id='word_1_313' title='bbox 817 2613 921 2639; x_wconf 85' lang='lat' dir='ltr'>note:</span> <span class='ocrx_word' id='word_1_314' title='bbox 950 2607 1002 2638; x_wconf 92' lang='lat' dir='ltr'>De</span> <span class='ocrx_word' id='word_1_315' title='bbox 1031 2605 1209 2637; x_wconf 86' lang='lat' dir='ltr'>natiuitate</span> <span class='ocrx_word' id='word_1_316' title='bbox 1235 2604 1363 2636; x_wconf 88' lang='lat' dir='ltr'>Christi</span> <span class='ocrx_word' id='word_1_317' title='bbox 1391 2614 1491 2644; x_wconf 88' lang='lat' dir='ltr'>quam</span> <span class='ocrx_word' id='word_1_318' title='bbox 1509 2613 1586 2644; x_wconf 90' lang='lat' dir='ltr'>pre-</span> 
     </span>
     <span class='ocr_line' id='line_1_36' title="bbox 53 2661 546 2702; baseline 0.004 -10"><span class='ocrx_word' id='word_1_319' title='bbox 53 2661 212 2692; x_wconf 85' lang='lat' dir='ltr'>dixerunt</span> <span class='ocrx_word' id='word_1_320' title='bbox 228 2661 358 2702; x_wconf 90' lang='lat' dir='ltr'>antiqui</span> <span class='ocrx_word' id='word_1_321' title='bbox 375 2663 546 2702; x_wconf 89' lang='lat' dir='ltr'>astrologi.</span> 
     </span>
    </p>

    <p class='ocr_par' dir='ltr' id='par_1_6' title="bbox 53 2709 1594 2798">
     <span class='ocr_line' id='line_1_37' title="bbox 97 2709 1594 2755; baseline -0.003 -11"><span class='ocrx_word' id='word_1_322' title='bbox 97 2713 108 2732; x_wconf 81' lang='lat'>³</span> <span class='ocrx_word' id='word_1_323' title='bbox 132 2713 205 2745; x_wconf 88' lang='lat' dir='ltr'>The</span> <span class='ocrx_word' id='word_1_324' title='bbox 221 2715 339 2746; x_wconf 87' lang='lat' dir='ltr'>words</span> <span class='ocrx_word' id='word_1_325' title='bbox 354 2725 458 2746; x_wconf 90' lang='lat' dir='ltr'>occur</span> <span class='ocrx_word' id='word_1_326' title='bbox 473 2715 507 2746; x_wconf 91' lang='lat' dir='ltr'>in</span> <span class='ocrx_word' id='word_1_327' title='bbox 533 2725 607 2755; x_wconf 88' lang='lat' dir='ltr'>cap.</span> <span class='ocrx_word' id='word_1_328' title='bbox 624 2726 655 2755; x_wconf 87' lang='lat'>4,</span> <span class='ocrx_word' id='word_1_329' title='bbox 678 2714 738 2746; x_wconf 88' lang='lat' dir='ltr'>but</span> <span class='ocrx_word' id='word_1_330' title='bbox 760 2714 818 2745; x_wconf 89' lang='lat' dir='ltr'>the</span> <span class='ocrx_word' id='word_1_331' title='bbox 841 2718 935 2753; x_wconf 81' lang='lat' dir='ltr'>story</span> <span class='ocrx_word' id='word_1_332' title='bbox 952 2712 980 2743; x_wconf 83' lang='lat' dir='ltr'>is</span> <span class='ocrx_word' id='word_1_333' title='bbox 997 2717 1057 2743; x_wconf 92' lang='lat' dir='ltr'>not</span> <span class='ocrx_word' id='word_1_334' title='bbox 1078 2710 1147 2742; x_wconf 93' lang='lat' dir='ltr'>told</span> <span class='ocrx_word' id='word_1_335' title='bbox 1168 2711 1203 2742; x_wconf 87' lang='lat' dir='ltr'>in</span> <span class='ocrx_word' id='word_1_336' title='bbox 1222 2710 1280 2741; x_wconf 91' lang='lat' dir='ltr'>the</span> <span class='ocrx_word' id='word_1_337' title='bbox 1305 2713 1537 2749; x_wconf 87' lang='lat' dir='ltr'>commentary</span> <span class='ocrx_word' id='word_1_338' title='bbox 1553 2709 1594 2740; x_wconf 90' lang='lat' dir='ltr'>of</span> 
     </span>
     <span class='ocr_line' id='line_1_38' title="bbox 53 2766 281 2798; baseline 0 -1"><span class='ocrx_word' id='word_1_339' title='bbox 53 2766 104 2798; x_wconf 87' lang='lat' dir='ltr'>St.</span> <span class='ocrx_word' id='word_1_340' title='bbox 122 2766 281 2798; x_wconf 86' lang='lat' dir='ltr'>Thomas.</span> 
     </span>
    </p>

    <p class='ocr_par' dir='ltr' id='par_1_7' title="bbox 98 2817 1018 2861">
     <span class='ocr_line' id='line_1_39' title="bbox 98 2817 1018 2861; baseline 0 -12"><span class='ocrx_word' id='word_1_341' title='bbox 98 2817 111 2836; x_wconf 51' lang='lat'>⁵⁷</span> <span class='ocrx_word' id='word_1_342' title='bbox 131 2818 275 2850; x_wconf 82' lang='lat' dir='ltr'>Aetht&#39;cis</span> <span class='ocrx_word' id='word_1_343' title='bbox 292 2819 561 2861; x_wconf 63' lang='lat' dir='ltr'>Cosmografflzia,</span> <span class='ocrx_word' id='word_1_344' title='bbox 580 2820 632 2851; x_wconf 90' lang='lat' dir='ltr'>ed.</span> <span class='ocrx_word' id='word_1_345' title='bbox 652 2819 805 2859; x_wconf 87' lang='lat' dir='ltr'>Wuttke,</span> <span class='ocrx_word' id='word_1_346' title='bbox 827 2820 920 2858; x_wconf 80' lang='lat'>1853,</span> <span class='ocrx_word' id='word_1_347' title='bbox 937 2828 969 2857; x_wconf 89' lang='lat' dir='ltr'>p.</span> <span class='ocrx_word' id='word_1_348' title='bbox 989 2827 1018 2857; x_wconf 89' lang='lat'>7.</span> 
     </span>
    </p>

    <p class='ocr_par' dir='ltr' id='par_1_8' title="bbox 97 2866 1474 2914">
     <span class='ocr_line' id='line_1_40' title="bbox 97 2866 1474 2914; baseline -0.004 -12"><span class='ocrx_word' id='word_1_349' title='bbox 97 2870 109 2888; x_wconf 91' lang='lat'>⁵</span> <span class='ocrx_word' id='word_1_350' title='bbox 132 2871 183 2903; x_wconf 84' lang='lat' dir='ltr'>De</span> <span class='ocrx_word' id='word_1_351' title='bbox 196 2870 316 2914; x_wconf 59' lang='lat' dir='ltr'>Dtbcip.</span> <span class='ocrx_word' id='word_1_352' title='bbox 334 2871 429 2913; x_wconf 78' lang='lat' dir='ltr'>ScoL,</span> <span class='ocrx_word' id='word_1_353' title='bbox 449 2882 522 2913; x_wconf 90' lang='lat' dir='ltr'>cap.</span> <span class='ocrx_word' id='word_1_354' title='bbox 543 2881 573 2910; x_wconf 86' lang='lat'>4.</span> <span class='ocrx_word' id='word_1_355' title='bbox 626 2872 748 2904; x_wconf 88' lang='lat' dir='ltr'>Invitat</span> <span class='ocrx_word' id='word_1_356' title='bbox 764 2871 894 2903; x_wconf 85' lang='lat' dir='ltr'>altered</span> <span class='ocrx_word' id='word_1_357' title='bbox 911 2875 946 2902; x_wconf 93' lang='lat' dir='ltr'>to</span> <span class='ocrx_word' id='word_1_358' title='bbox 963 2869 1167 2901; x_wconf 76' lang='lat' dir='ltr'>invitacione</span> <span class='ocrx_word' id='word_1_359' title='bbox 1186 2868 1218 2899; x_wconf 89' lang='lat' dir='ltr'>in</span> <span class='ocrx_word' id='word_1_360' title='bbox 1237 2879 1256 2899; x_wconf 91' lang='lat' dir='ltr'>a</span> <span class='ocrx_word' id='word_1_361' title='bbox 1273 2868 1359 2898; x_wconf 88' lang='lat' dir='ltr'>later</span> <span class='ocrx_word' id='word_1_362' title='bbox 1375 2866 1474 2898; x_wconf 87' lang='lat' dir='ltr'>hand.</span> 
     </span>
    </p>
   </div>
  </div>
 </body>
</html>
