1904 3171
765 174 816 214 41

24 278 267 320 sanctitatis
300 284 344 319 et
381 279 602 331 sapiencie
641 278 815 329 Christi,
849 280 883 320 si
921 293 1012 329 nos,
1045 281 1192 334 gracia
1229 283 1478 327 collacionis
1515 293 1557 328 ct

20 348 216 389 veritatis
242 348 510 401 inquirende,
533 349 822 401 supponimus
845 350 991 389 omnia
1013 363 1098 403 que
1120 351 1201 404 ipsi
1225 353 1372 394 dicunt
1395 355 1449 395 de
1471 357 1558 396 suis

21 417 356 471 legislatoribus,
398 418 561 458 debent
608 418 804 459 similiter
849 418 931 472 ipsi
978 421 1168 472 recipere
1211 427 1371 471 nostra,
1412 426 1556 477 gracia

19 487 349 545 disputacionis,
372 487 473 541 quia
501 493 673 528 tantam
703 493 746 528 et
770 487 982 541 majorem
1009 489 1313 530 certitudinem
1344 491 1556 533 habemus

19 556 76 597 de
104 556 313 610 hystoriis
342 557 513 605 nostris,
535 557 647 598 sicut
676 557 758 610 ipsi
788 558 843 598 de
874 558 974 598 suis.
1039 558 1099 599 Et
1126 559 1237 600 sicut
1264 560 1358 613 ipsi,
1381 567 1557 614 propter

17 624 132 666 hanc
163 626 470 666 certitudinem
504 633 546 667 et
579 626 751 668 nobiles
783 627 1060 668 condiciones
1092 626 1364 681 legislatoris,
1394 629 1556 670 vellent

19 695 138 750 quod
162 710 241 736 nos
264 695 467 737 fieremus
490 697 571 738 sub
594 697 692 750 lege
714 710 879 746 eorum:
901 697 936 736 si
960 696 1183 751 legislator
1208 711 1355 738 eorum
1383 699 1556 740 cederet

18 772 233 815 nostrum,
255 766 315 807 sic
344 766 427 819 ipsi
456 766 620 807 habent
651 765 847 807 confiteri
881 768 1000 819 quod
1034 767 1197 808 debent
1227 781 1320 808 esse
1348 769 1429 808 sub
1461 768 1558 822 lege

19 841 182 884 nostra,
205 841 440 889 postquam
473 834 623 889 legifer
645 842 794 876 noster
816 849 967 876 eorum
989 834 1190 889 legiferos
1217 837 1307 877 sine
1332 851 1556 891 compara-

17 904 142 948 cione
165 906 354 947 excedit.
417 905 490 946 Sic
514 906 629 946 enim
658 905 740 946 fuit
763 905 1022 946 multociens
1047 907 1233 958 probata
1263 906 1369 948 fides
1396 914 1555 957 nostra,

15 981 61 1016 et
83 976 265 1016 reducta
287 976 342 1016 de
366 976 536 1029 magnis
558 975 771 1028 periculiS,
796 981 843 1015 ut
866 981 1054 1016 testatur
1075 975 1281 1028 hystorie.

77 1044 270 1098 Quintus
303 1046 462 1087 modus
492 1052 558 1086 est
588 1044 850 1098 Alpharabii
881 1045 1104 1085 mirabilis,
1169 1045 1229 1086 Et
1259 1052 1324 1086 est
1352 1047 1556 1100 operacio

19 1114 327 1155 miraculorum
346 1128 462 1163 vera,
479 1128 609 1168 quem
629 1115 811 1154 modum
834 1114 959 1168 ponit
977 1114 1019 1154 in
1043 1120 1231 1155 tractatu
1249 1115 1316 1155 De
1338 1115 1555 1157 Civilibus.

19 1183 80 1224 Et
97 1183 132 1223 si
151 1183 430 1225 conserantur
446 1186 501 1225 ad
522 1184 708 1225 invicem
728 1183 983 1237 Ewangelia
1001 1191 1044 1225 et
1059 1183 1203 1225 Actus
1222 1184 1554 1239 Apostolorum,

17 1259 60 1293 et
77 1253 273 1306 hystorie
297 1254 444 1308 Moysi
468 1261 511 1295 et
530 1254 815 1303 Machomeffi,
833 1267 921 1294 non
943 1259 1009 1294 est
1031 1253 1239 1307 possibile
1261 1255 1379 1307 quod
1404 1269 1551 1296 eorum

17 1336 151 1377 opera
166 1330 476 1377 comparentur
490 1324 696 1376 operibus
706 1323 991 1376 Christi,quia
1005 1337 1091 1363 non
1103 1323 1244 1364 solum
1259 1338 1391 1377 opera
1405 1338 1552 1378 corpo-

22 1391 128 1433 ralia
155 1391 257 1433 fecit
281 1393 494 1443 miranda,
518 1400 583 1433 set
604 1407 734 1446 super
763 1392 987 1445 spiritibus
1014 1393 1260 1446 imperavit,
1283 1400 1327 1434 et
1349 1394 1553 1446 precipue

15 1462 135 1514 quod
158 1469 339 1515 peccata
363 1462 528 1503 dimisit
560 1462 773 1512 dominus,
797 1467 805 1483 ‘
822 1467 868 1501 ut
901 1461 1048 1501 sciatis
1080 1463 1200 1515 quod
1227 1461 1339 1503 filius
1365 1461 1554 1503 hominis

17 1531 152 1572 habet
178 1538 447 1585 potestatem
472 1532 724 1573 dimittendi
755 1537 936 1585 peccata
959 1532 1018 1572 ait
1042 1531 1283 1584 paralitico,
1306 1532 1419 1572 “tibi
1443 1533 1553 1583 dico,

17 1615 156 1656 surge,
174 1601 280 1643 tolle
297 1601 533 1655 grabatum
551 1608 677 1642 tuum
698 1609 742 1642 et
759 1598 976 1642 ambula.’'
992 1600 999 1615 '
1030 1601 1215 1654 Optima
1232 1602 1552 1643 demonstracio

16 1671 192 1712 moralis
215 1672 296 1712 fuit
318 1673 400 1713 ista
422 1673 479 1713 ad
495 1672 770 1726 probandam
794 1672 1096 1712 dimissionem
1119 1671 1300 1726 peccati.

77 1740 245 1782 Sextus
268 1743 425 1782 modus
448 1749 514 1783 est
544 1741 796 1793 mirabilior,
818 1742 936 1782 unde
958 1741 1117 1781 mirum
1141 1748 1206 1782 est
1236 1742 1355 1794 quod
1379 1741 1437 1781 hii
1461 1742 1551 1782 duo

16 1811 134 1852 modi
167 1811 260 1851 noti
292 1819 394 1852 sunt
427 1811 712 1866 philosophis.
777 1811 897 1852 Dicit
929 1811 1061 1864 igitur
1093 1810 1388 1864 Alpharabius
1420 1809 1550 1850 alium

16 1882 194 1922 modum
229 1882 505 1934 probacionis
543 1888 661 1922 secte
693 1881 813 1934 quod
845 1881 1069 1934 legislator
1110 1880 1348 1934 perfectum
1390 1880 1551 1921 habeat

14 1951 317 1992 testimonium
348 1965 373 1991 a
405 1951 744 2005 precedentibus
773 1950 1000 2004 prophetis
1033 1949 1106 2002 qui
1139 1949 1398 2002 perhibeant
1430 1949 1551 1990 testi—

14 2020 210 2060 monium
238 2021 287 2070 ei,
305 2021 408 2073 quia
429 2027 534 2062 tunc
557 2034 644 2061 non
667 2025 815 2074 potest
837 2033 931 2060 esse
954 2019 1099 2072 aliqua
1121 2019 1355 2060 dubitacio.
1419 2018 1550 2059 Unde

13 2089 119 2130 dicit
140 2091 258 2143 quod
291 2090 552 2132 certificacio
577 2090 836 2144 legislatoris
869 2090 988 2143 quod
1020 2089 1075 2130 sit
1097 2103 1232 2129 verax
1267 2094 1310 2129 et
1338 2102 1425 2128 non
1448 2088 1550 2129 licet

15 2166 62 2200 ut
94 2158 187 2211 jam
226 2160 283 2200 sit
316 2161 524 2209 mendax,
556 2166 624 2201 est
656 2174 743 2200 uno
781 2160 916 2200 modo
953 2173 1030 2212 per
1061 2158 1361 2199 testimonium
1397 2171 1546 2198 eorum

12 2229 87 2283 qui
117 2237 420 2282 precesserunt
441 2236 543 2270 ante
565 2244 677 2279 eum,
702 2244 760 2270 ex
786 2229 987 2270 veridicis
1015 2241 1201 2281 quorum
1231 2227 1424 2281 suscepti
1450 2234 1549 2267 sunt

12 2313 237 2340 sermones
259 2314 388 2353 super
409 2301 591 2340 veritate
613 2299 743 2352 hujus
770 2306 812 2340 et
844 2298 1007 2339 ordinis
1034 2297 1127 2350 ejus
1150 2311 1207 2337 ex
1232 2297 1330 2337 Deo
1358 2296 1548 2349 glorioso

13 2375 57 2409 et
97 2368 287 2409 sublimi.
364 2369 477 2410 Cum
521 2384 626 2425 ergo
667 2368 1031 2411 verificaverimus
1072 2367 1301 2407 veritatem
1340 2366 1433 2419 ejus
1465 2366 1547 2407 hoc

14 2439 160 2490 modo,
178 2445 222 2480 et
243 2440 361 2492 quod
385 2453 474 2480 non
496 2445 562 2480 est
585 2439 791 2494 possibile
809 2444 856 2479 ut
882 2438 940 2478 sic
959 2437 1182 2486 mentitur,
1201 2443 1303 2477 tunc
1326 2436 1548 2488 oportebit

11 2514 64 2548 ut·
81 2516 306 2550 remaneat
327 2510 369 2549 in
387 2509 516 2550 rebus
536 2524 645 2563 quas
666 2509 783 2558 dicit,
799 2515 846 2549 ut
864 2520 1004 2559 neque
1022 2507 1076 2548 sit
1094 2505 1388 2559 perscrutacio
1406 2518 1547 2557 neque

11 2578 322 2630 consideracio‚
344 2586 412 2621 set
436 2580 557 2632 quod
587 2581 625 2620 ei
655 2580 857 2620 credatur
889 2577 1076 2618 omnino.
1154 2575 1232 2617 Set
1267 2573 1545 2615 manifestum

10 2653 76 2687 est
106 2649 223 2700 quod
260 2649 475 2701 prophete
505 2649 791 2701 precedentes
820 2648 1035 2688 dederunt
1069 2646 1122 2685 Ei
1160 2644 1479 2692 testimonium,
1502 2648 1546 2682 et

12 2729 100 2756 non
133 2716 420 2759 Machometo
444 2732 584 2772 neque
614 2719 722 2759 aliis.
799 2717 858 2758 Et
881 2730 968 2757 non
995 2715 1138 2757 solum
1166 2715 1381 2769 prophete
1409 2712 1545 2753 sancti

12 2786 89 2827 sed
111 2787 310 2840 gentiles,
333 2795 382 2830 ut
409 2787 567 2830 Cibille
595 2788 894 2838 vaticinantes,
920 2786 995 2839 qui
1019 2799 1225 2838 expresse
1254 2784 1422 2837 loquuti
1445 2789 1545 2822 sunt

11 2857 66 2897 de
113 2856 288 2899 Christo
321 2864 364 2899 et
398 2866 517 2900 secta
551 2858 797 2900 Christiana
824 2864 955 2910 atquc
988 2855 1072 2903 alii,
1103 2852 1107 2910 Ι
1137 2855 1252 2895 unde
1282 2853 1323 2893 in
1357 2852 1544 2892 historiis
1567 2865 1605 2895 30
1624 2855 1643 2886 b
1664 2865 1692 2886 2.
