1904 3171
802 145 852 183 19

53 259 162 300 quas
177 246 277 288 licet
291 246 369 288 tibi
385 246 562 295 nescire,
578 260 657 288 nec
673 248 824 301 pudet.
888 248 1129 289 Enimvero
1151 248 1233 295 dic,
1254 262 1340 289 non
1363 249 1500 301 pudet
1524 261 1594 288 me

52 317 218 357 nescire
249 316 363 357 unde
394 316 550 366 vivere,
571 331 795 371 nunquam
824 317 908 359 hoc
941 316 1115 359 dicere1
1139 318 1338 359 audebis.
1403 318 1462 358 Et
1491 331 1591 358 cum

52 386 203 441 primis
248 385 493 427 mirandum
538 394 617 439 est,
656 388 776 440 quod
820 402 871 429 ea
912 402 997 442 que
1040 388 1219 428 minime
1260 388 1396 428 videri
1438 387 1593 428 volunt

53 457 217 497 nescire
239 456 401 497 discere
419 454 434 477 2
462 464 612 497 tamen
635 457 878 511 negligunt,
901 464 944 498 et
968 457 1165 511 ejusdem
1188 458 1293 498 artis
1315 457 1592 511 disciplinam

51 525 180 567 simul
205 533 247 566 et
270 525 567 580 ignoranciam
590 526 863 568 detractant.’

112 594 319 636 Ceterum
356 609 509 637 omnes
546 596 797 650 philosophi
834 596 987 639 volunt
1022 598 1140 651 quod
1175 597 1350 639 virtutis
1387 596 1595 638 honestas

51 679 129 706 sua
153 665 351 706 miranda
373 666 711 719 pulcritudinem
733 666 977 720 quemlibet
1000 667 1131 708 debet
1158 667 1354 717 invitare,
1383 667 1592 720 quoniam

50 731 296 790 holnestum
321 741 400 783 est,
434 742 482 776 ut
509 736 570 777 ait
599 735 782 785 Tullius,
814 737 933 789 quod
966 750 1045 777 sua
1075 737 1117 776 vi
1150 751 1229 778 nos
1261 737 1407 787 trahit,
1440 742 1483 777 et
1515 751 1594 795 sua
1616 738 1689 770 26³
1710 749 1723 770 z

51 804 270 858 dignitate
307 818 389 846 nos
427 805 575 846 allicit.
637 804 858 858 Apuleius
894 806 1032 847 eciam
1076 806 1118 846 in
1157 811 1201 860 30
1242 805 1354 847 libro
1395 805 1464 846 De
1504 806 1593 848 Do-

42 880 197 928 gmate
225 873 457 916 Platonis-“⁵
498 875 605 916 dicit
641 875 849 915 virtutem
892 889 987 915 esse
1030 876 1165 916 animi
1207 875 1590 929 pulchritudinem.

52 943 113 985 Et
145 943 331 994 Tullius,
359 943 550 997 quart04
578 943 647 985 De
678 944 988 996 Qucscz'om'bus,
1023 945 1154 987 dicit:
1189 946 1280 988 ‘Ut
1307 945 1500 999 corporis
1527 952 1594 986 est

51 1014 243 1067 quedam
258 1020 363 1067 apta
377 1013 515 1067 figura
532 1014 842 1065 membrorum,
857 1028 956 1060 cum
972 1014 1130 1056 coloris
1145 1016 1335 1068 quadam
1351 1015 1565 1056 suavitate
1584 1027 1593 1064 ;

52 1097 192 1137 eaque
223 1083 504 1138 pulchritudo
535 1090 745 1135 vocatur;
777 1084 838 1125 sic
872 1085 915 1124 in
941 1085 1101 1134 animo,
1131 1085 1386 1138 opinionum
1406 1085 1593 1138 judicio-

51 1167 238 1206 rumque
271 1152 534 1206 equabilitas
571 1160 614 1194 et
651 1153 914 1204 constancia,
946 1168 1046 1195 cum
1085 1153 1293 1194 firmitate
1324 1154 1516 1207 quadam
1550 1160 1594 1195 et

49 1222 292 1264 stabilitate
329 1223 536 1264 virtutem
569 1223 852 1276 subsequens,
882 1230 958 1264 aut
989 1224 1164 1264 virtutis
1194 1223 1283 1264 vim
1316 1224 1458 1277 ipsam
1491 1237 1593 1265 con-

51 1292 206 1341 tinens,
256 1291 506 1345 pulcritudo
562 1291 768 1334 vocatur.‘
854 1293 915 1334 Et
963 1293 1198 1347 Apuleius,
1250 1293 1456 1335 virtutem
1506 1307 1594 1334 non

51 1361 195 1403 solum
228 1375 323 1402 esse
355 1362 700 1415 pulcritudinem
733 1363 881 1411 animi,
908 1370 975 1405 set
1006 1363 1242 1404 sanitatem
1275 1370 1318 1403 et
1350 1363 1470 1404 vires.
1534 1363 1594 1404 Et

51 1432 112 1473 sic
154 1430 319 1483 Cicero,
361 1439 410 1473 ut
456 1446 514 1472 ex
558 1436 615 1480 2⁰,
661 1438 705 1473 et
749 1436 806 1486 3⁰,
855 1440 900 1474 et
943 1437 990 1483 4⁰
1028 1439 1071 1473 et
1109 1436 1154 1486 5⁰
1189 1431 1258 1473 De
1295 1431 1596 1483 Qnescionibus

57 1501 311 1543 Tusculanis
332 1501 632 1555 multipliciter
655 1501 937 1543 manifestum
956 1509 1035 1544 est.
1097 1502 1156 1542 Et
1180 1501 1281 1543 licet
1299 1502 1594 1555 ‘impossibile

50 1578 128 1624 aut
141 1571 317 1612 difficile
339 1571 394 1612 sit
418 1585 517 1611 eum
541 1572 616 1625 qui
641 1571 871 1613 induratus
893 1578 959 1613 est
978 1571 1171 1612 moribus
1187 1572 1376 1624 antiquis
1393 1579 1594 1626 tempore

51 1640 184 1694 longo
217 1641 375 1682 mutari
405 1641 460 1681 ad
493 1640 703 1688 virtutes‚'
726 1648 774 1682 ut
796 1640 1053 1682 Aristotiles
1071 1639 1087 1664 ⁵
1110 1641 1216 1682 dicit
1246 1642 1289 1681 in
1318 1640 1402 1681 fine
1423 1641 1594 1691 Etlnte,

50 1716 200 1752 tamen
224 1710 394 1753 Seneca
420 1712 526 1753 dicit
555 1715 598 1763 7⁰
625 1711 695 1752 De
723 1711 981 1766 Beneficiis⁶
1011 1712 1131 1765 quod
1160 1710 1286 1753 facile
1315 1719 1380 1752 est
1409 1712 1519 1753 scire
1551 1718 1595 1753 et

49 1778 213 1822 habere
234 1781 417 1822 virtutes
439 1788 654 1834 quantum
676 1787 742 1822 est
768 1796 794 1822 a
815 1788 941 1835 parte
962 1780 1148 1831 illarum,
1181 1788 1225 1822 et
1247 1795 1273 1822 a
1295 1788 1420 1833 parte
1441 1788 1595 1823 nature

50 1857 93 1891 et
116 1850 201 1891 Dei
224 1851 386 1900 dicens,
407 1853 416 1870 ‘
435 1850 658 1905 Quicquid
681 1865 759 1892 nos
781 1851 985 1892 meliores
1007 1851 1252 1904 beatosque
1274 1849 1489 1891 facturum
1514 1858 1594 1901 est,

49 1925 125 1961 aut
146 1920 188 1960 in
211 1927 372 1974 aperte,
395 1927 471 1962 aut
494 1921 536 1961 in
560 1920 766 1974 proximo
796 1921 959 1974 posuit.
1021 1920 1069 1962 Si
1098 1920 1196 1973 quis
1225 1920 1422 1960 animum
1444 1921 1596 1962 virtuti

49 1989 330 2038 consecravit,
357 1996 401 2031 et
423 2004 688 2044 quacunque
709 1997 837 2031 vocat
860 1989 948 2041 illa,
970 1989 1149 2043 planum
1180 1995 1334 2043 putat:
1368 1989 1403 2029 si
1435 1989 1596 2031 sociale

49 2059 224 2109 animal,
263 2066 306 2101 et
343 2060 386 2100 in
421 2073 654 2101 commune
685 2060 884 2113 genitum
918 2061 1133 2101 mundum
1167 2066 1214 2100 ut
1245 2072 1378 2099 unam
1411 2059 1593 2100 domum

51 2135 224 2184 spectat
254 2161 263 2169 .
294 2160 303 2169 .
334 2161 343 2170 .
371 2143 636 2183 semperque
667 2136 878 2183 tanquam
911 2129 954 2169 in
990 2129 1169 2183 publico
1200 2129 1333 2170 vivit:
1377 2143 1423 2170 se
1455 2130 1594 2183 magis

49 2213 184 2253 quam
218 2199 326 2241 alios
369 2200 544 2252 veritus,
585 2199 878 2253 superductus
920 2198 992 2240 ille
1033 2199 1373 2252 tempestatibus
1413 2199 1592 2240 tribula-

51 2270 240 2321 cionum,
273 2269 317 2309 in
348 2268 489 2309 solido
522 2282 572 2310 ac
604 2282 757 2309 sereno
789 2267 970 2309 stetit7:
1005 2269 1328 2310 consummavit
1360 2268 1593 2310 scienciam

51 2338 233 2380 utilem.'
294 2337 498 2378 ‘Nullius
530 2339 645 2378 enim
678 2338 738 2378 rei
775 2337 962 2379 difficilis
999 2344 1065 2379 est
1101 2338 1313 2387 invencio,
1349 2338 1430 2379 nisi
1471 2338 1594 2392 cujus

49 2409 119 2450 hic
160 2421 271 2449 unus
319 2406 527 2448 invente8
571 2406 736 2447 fructus
778 2413 856 2457 est,
899 2405 1140 2449 invenisse.'
1205 2407 1266 2448 Et
1311 2407 1396 2448 hoc
1437 2413 1503 2448 est
1552 2407 1595 2448 in

49 2477 329 2532 speculativis
355 2476 485 2531 puris,
507 2490 595 2518 non
615 2477 659 2517 in
679 2476 746 2518 his
768 2490 853 2530 que
875 2477 932 2518 ad
959 2477 1137 2518 beatam
1159 2478 1295 2519 vitam
1320 2477 1552 2530 pertinent.

108 2547 319 2588 ‘Peccare
346 2546 484 2588 eciam
511 2546 673 2587 nemini
697 2544 822 2598 licet,'
847 2553 895 2588 ut
919 2547 981 2588 ait
1008 2547 1180 2588 Tullius
1195 2546 1223 2598 9,
1245 2551 1290 2599 50
1304 2546 1373 2587 De
1398 2545 1593 2597 Quescz'o-

181 2685 193 2704 ¹
219 2685 292 2716 MS.
308 2684 424 2716 licebit
441 2684 582 2716 marked
595 2684 648 2716 for
657 2694 809 2716 erasure.
1033 2685 1045 2703 ²
1070 2685 1143 2717 MS.
1163 2685 1296 2716 discere
1314 2685 1461 2716 nescire.

182 2736 194 2753 ³
219 2738 275 2768 lib.
295 2737 326 2769 ii.
346 2747 378 2777 p.
398 2739 473 2777 604.
1040 2737 1050 2755 ⁴
1079 2736 1172 2770 Tusc.
1186 2737 1282 2779 Dz'sp.
1301 2738 1342 2769 iv.
1367 2747 1417 2777 13.

182 2789 195 2807 ⁵
220 2790 289 2821 Not
304 2788 470 2821 Aristotle
488 2790 546 2822 but
561 2789 735 2821 Averroes
753 2790 786 2820 in
804 2788 935 2829 Etlzici57
956 2789 975 2821 1.
1001 2800 1050 2821 10.
1064 2800 1092 2822 c.
1115 2800 1163 2822 11.
1297 2790 1308 2808 ὓ
1332 2791 1389 2821 vii.
1413 2800 1439 2821 1.

182 2841 194 2859 ⁷
220 2841 293 2875 MS.
310 2847 424 2876 statut.
645 2841 657 2859 ²³
683 2842 756 2874 MS.
776 2842 809 2872 in
827 2847 958 2874 ventre.
1182 2842 1193 2860 ⁹
1223 2842 1316 2874 Tusc.
1336 2842 1428 2883 Dssp.
1450 2853 1480 2874 v.
1501 2852 1552 2883 19.

785 2907 857 2940 Cz
