1904 3171
777 176 823 214 I7

39 285 207 327 cionem
240 281 525 331 armonicam,
555 295 652 322 curn
685 281 777 336 ipse
805 282 860 323 sit
892 287 1035 323 certus
1066 281 1122 322 de
1153 279 1419 322 amenitate¹
1451 280 1571 334 ejus.'

31 354 91 397 Et
125 367 211 395 non
249 352 392 394 solum
437 351 687 392 intellectus
719 352 780 393 sic
817 365 862 393 se
898 351 1031 393 habet
1068 351 1111 391 in
1147 352 1469 406 cognoscendo,
1503 358 1568 393 set

27 423 211 466 affectus
243 429 287 464 et
318 421 523 464 voluntas
556 422 599 463 in
631 421 933 471 desiderando,
966 427 1008 462 et
1040 421 1246 471 amando,
1278 427 1322 462 et
1355 421 1570 475 sapiendo

33 507 108 534 seu
159 494 399 548 gustando,
440 491 717 533 dulcedinem
768 491 854 532 vite
907 497 1067 541 eterne,
1109 496 1156 531 ut
1191 490 1421 532 Avicenne
1472 497 1569 532 utar

29 562 202 617 eloquio
219 562 248 603 2.
313 562 554 616 Comparat
595 562 710 602 enim
755 575 834 602 nos
868 560 1111 615 paralitico,
1148 560 1216 602 cui
1253 560 1287 600 si
1323 568 1571 615 apponatur

30 633 150 675 cibus
183 632 468 682 delectabilis,
505 646 592 672 non
625 631 756 673 sentit
793 631 887 685 ejus
918 631 1193 680 suavitatem,
1223 630 1363 672 donec
1395 637 1570 672 curetur

30 702 243 758 paralisiS,
280 708 325 743 et
364 701 587 742 auferatur
627 701 743 742 mala
792 701 1041 754 disposicio.
1120 700 1283 753 Sicque
1328 700 1433 742 dicit
1476 714 1570 742 esse

30 773 157 814 nobis
200 778 400 825 respectu
446 771 689 813 dulcedinis
727 771 817 812 vite
866 776 1024 819 eterne,
1066 776 1110 811 et
1155 776 1336 824 propter
1376 776 1567 824 peccata,

29 849 73 884 et
108 848 288 896 propter
325 840 682 882 communionem
719 840 913 893 corporis
951 840 1157 882 mortalis.
1233 839 1419 881 Peccata
1451 840 1568 880 enim

31 905 228 953 inficiunt
257 911 506 964 appetitum
536 910 683 951 anime
706 909 949 961 racionalis‚
971 914 1014 950 et
1041 908 1178 950 moles
1200 908 1393 963 corporis
1415 923 1570 963 aggra-

28 987 115 1023 vat.
178 981 313 1023 Unde
333 980 562 1021 Avicenna
590 980 633 1020 in
662 978 900 1020 Radz'cibus
920 978 982 1019 M
979 978 1117 1020 oralz's
1137 977 1411 1032 Plzz'losophie
1431 979 1539 1020 dicit
1553 978 1571 1003 3

28 1050 278 1106 eleganter:
326 1052 335 1070 ‘
355 1049 472 1104 Quia
504 1063 593 1097 nos,
625 1049 667 1089 in
700 1049 785 1089 hoc
815 1047 963 1089 seculo
994 1054 1145 1090 nostro
1179 1053 1222 1088 et
1255 1047 1340 1090 hoc
1375 1062 1568 1103 corpore,

31 1121 217 1162 demersi
259 1134 410 1161 sumus
452 1120 494 1160 in
536 1118 675 1159 multa
721 1118 878 1172 turpia,
920 1118 1017 1159 ideo
1063 1131 1150 1158 non
1196 1117 1408 1158 sentimus
1450 1117 1570 1159 illam

31 1190 389 1240 delectacionem,
413 1203 511 1230 cum
543 1195 694 1230 tamen
727 1189 844 1242 apud
877 1202 956 1229 nos
987 1187 1116 1229 fuerit
1147 1187 1311 1241 aliquid
1344 1188 1400 1229 de
1431 1188 1570 1229 causis

31 1259 124 1314 ejus
148 1291 157 1300 .
179 1291 187 1300 .
213 1290 222 1299 .
246 1266 290 1300 et
324 1259 424 1300 ideo
457 1271 542 1298 non
574 1257 830 1311 inquirimus
861 1271 973 1308 eam,
1005 1270 1083 1298 nec
1115 1256 1329 1298 allicimur
1364 1258 1421 1298 ad
1457 1270 1571 1309 eam,

35 1329 115 1371 nisi
163 1330 283 1384 prius
325 1328 661 1383 deposuerimus
702 1341 728 1368 a
770 1327 1011 1369 cervicibus
1055 1327 1216 1368 nostris
1253 1325 1409 1381 jugum
1450 1326 1572 1368 volu-

34 1399 169 1454 ptatis
205 1405 249 1440 et
289 1398 350 1439 ire
397 1404 441 1439 et
481 1410 649 1437 sorores
691 1409 854 1445 earum,
890 1402 935 1436 et
975 1396 1037 1438 sic
1077 1397 1364 1451 degustemus
1405 1395 1571 1449 aliquid

39 1468 152 1510 illius
188 1467 512 1517 delectacionis,
551 1473 594 1507 et
636 1465 697 1507 sic
737 1466 920 1507 fortasse
960 1464 1372 1519 ymaginabuntur4
1408 1466 1462 1507 de
1500 1465 1573 1508 illa

31 1552 200 1594 parum,
223 1544 434 1592 tanquam
466 1550 543 1590 per
569 1535 891 1589 interpositum.
954 1534 1034 1576 Set
1063 1536 1270 1589 precipue
1299 1549 1399 1577 cum
1429 1535 1572 1577 solute

32 1608 190 1650 fuerint
222 1607 477 1662 quesciones
509 1605 610 1661 (de5
642 1606 752 1656 Deo,
785 1605 840 1646 de
873 1604 1205 1647 immortalitate
1237 1607 1494 1654 animarum,
1527 1611 1571 1647 et

36 1678 238 1720 felicitate
259 1691 410 1718 eorum
429 1676 457 1725 ⁶,
480 1683 525 1718 et
546 1677 602 1717 de
625 1675 927 1716 resurrexione
956 1688 1202 1729 corporum,
1220 1682 1264 1716 et
1287 1673 1572 1730 hujusmodi),

34 1754 78 1790 et
115 1747 305 1789 revelata
340 1747 498 1788 fuerint
535 1745 742 1800 inquisita
779 1745 952 1796 nobilia,
987 1751 1090 1786 tunc
1125 1745 1400 1799 comparacio
1442 1745 1572 1799 hujus

35 1825 183 1860 nostre
231 1817 540 1858 delectacionis
591 1816 648 1857 ad
696 1815 816 1856 illam
859 1821 1053 1856 nostram
1103 1814 1442 1856 delectacionem
1492 1814 1571 1856 erit

34 1888 311 1943 comparacio
349 1886 662 1928 delectacionis
697 1884 925 1935 sensibilis,
957 1899 1043 1939 que
1073 1891 1138 1926 est
1169 1884 1382 1925 odorandi
1414 1884 1573 1925 odores

35 1963 312 2014 gustatorum
337 1956 677 2008 delectabilium,
697 1955 753 1996 ad
777 1953 1122 1996 delectacionem
1145 1954 1404 1996 comedendi
1426 1953 1502 1994 ea.'

93 2027 171 2069 Set
202 2027 347 2068 anime
385 2026 622 2079 occupacio
660 2038 759 2066 cum
793 2038 975 2078 corpore
1010 2024 1112 2065 facit
1145 2037 1242 2065 eam
1275 2023 1471 2065 oblivisci
1506 2023 1572 2064 sui

36 2096 168 2150 ipsius
190 2101 235 2136 et
257 2094 350 2148 ejus
372 2094 490 2147 quod
513 2106 662 2133 amare
680 2093 810 2133 debet
830 2105 839 2141 ;
870 2092 981 2132 sicut
999 2090 1195 2132 infirmus
1212 2091 1285 2144 qui
1302 2089 1575 2132 obliviscitur

34 2165 126 2219 ejus
158 2166 277 2218 quod
310 2178 419 2217 opus
453 2169 518 2204 est
550 2169 791 2203 restaurare
823 2175 901 2214 pro
933 2175 986 2202 eo
1017 2162 1137 2214 quod
1169 2159 1397 2201 resolvitur
1425 2160 1480 2200 de
1506 2173 1572 2200 eo.

37 2234 301 2276 Substancia
326 2233 440 2273 enim
463 2232 623 2282 anime,
647 2237 695 2271 ut
717 2231 835 2281 dicit,
857 2243 1015 2283 corpus
1037 2236 1223 2284 occupat
1245 2234 1288 2270 et
1311 2229 1453 2270 reddit
1476 2241 1572 2269 eam

35 2304 230 2352 stultam,
255 2309 299 2344 et
319 2303 422 2344 facit
444 2315 540 2342 earn
564 2300 759 2342 oblivisci
777 2300 843 2341 sui
859 2299 1061 2341 desiderii
1076 2299 1254 2353 proprii,
1269 2305 1312 2340 et
1327 2297 1573 2352 inquirendi

35 2374 356 2428 perfeccionem
378 2386 463 2426 que
485 2371 567 2413 sibi
597 2374 600 2426 Ι
630 2371 843 2423 competit
865 2375 909 2410 et
936 2369 1203 2424 percipiendi
1231 2368 1574 2410 delectacionem

34 2443 320 2498 perfeccionis
352 2456 439 2483 sue.
515 2441 617 2482 Non
650 2440 769 2494 quod
801 2439 949 2481 anima
979 2440 1034 2480 sit
1065 2439 1275 2493 impressa
1306 2438 1475 2492 corpori
1504 2437 1575 2480 vel

37 2514 293 2563 submersa;
337 2518 404 2553 set
435 2511 538 2565 quia
570 2510 726 2564 ligacio
758 2515 824 2551 est
860 2509 972 2551 inter
1002 2507 1075 2550 illa
1106 2509 1205 2559 duo,
1237 2509 1356 2562 quod
1389 2513 1467 2557 est,
1499 2508 1576 2549 de-

36 2584 243 2625 siderium
267 2581 466 2623 naturale
488 2579 761 2635 gubernandi
791 2579 995 2633 corporis,
1017 2585 1061 2621 et
1088 2578 1285 2633 agitandi
1313 2577 1576 2620 affecciones

36 2654 144 2708 ejus.

169 2775 180 2795 ¹
206 2776 278 2807 MS.
298 2776 456 2807 vanitate.
650 2772 662 2790 ²
689 2773 750 2805 loc.
771 2772 826 2804 cit.
844 2777 867 2805 t.
885 2772 931 2805 ix.
948 2783 976 2804 c.
996 2782 1024 2812 7.
1177 2770 1190 2789 ³
1216 2772 1277 2803 loc.
1299 2771 1354 2803 cit.
1375 2776 1397 2803 t.
1415 2770 1459 2802 ix.
1479 2781 1506 2802 c.
1527 2780 1558 2810 7.

168 2829 179 2846 ⁴
204 2829 478 2869 ymaginabimus
495 2827 592 2858 Text.
771 2824 783 2842 ⁵
811 2826 874 2857 ‘de
892 2850 898 2857 .
921 2849 928 2857 .
948 2850 956 2858 .
976 2826 1169 2865 hujusmodi
1183 2826 1191 2837 ⁹
1205 2825 1310 2856 notin
1330 2825 1465 2864 printed
1483 2823 1582 2855 Text.

168 2881 180 2900 ⁶
205 2883 260 2912 ‘et
278 2905 286 2913 .
304 2907 311 2913 .
334 2906 341 2913 .
361 2891 477 2911 eorum
493 2880 499 2891 ¹
517 2879 604 2911 aster
620 2882 627 2897 ‘
643 2880 720 2910 Deo
735 2877 793 2909 'in
813 2878 886 2909 MS.

795 2945 822 2976 C

1593 2375 1718 2408 26³1.
