1904 3171
165 2198 292 2231 28b1.

1065 121 1120 161 30

316 229 629 280 moderandus,
651 228 801 283 quieta
823 224 1206 279 contemplacione
1229 223 1364 266 vitam
1388 222 1573 264 finirent.
1641 219 1742 276 Que
1764 220 1868 275 quia

316 300 401 341 Dei
418 306 511 341 erat
521 301 610 342 vite
619 297 843 340 simillima
857 310 882 337 a
897 295 1109 348 sapiente,
1122 294 1214 335 visa
1225 300 1291 335 est
1307 293 1578 348 dignissima,
1589 293 1702 334 sicut
1713 291 1869 333 Cicero

316 371 371 411 de
394 371 455 411 eis
478 376 627 411 narrat
651 370 693 410 in
716 372 762 420 5⁰
784 365 1186 408 Achademz'corzmz.
1242 364 1453 406 Sciebant
1475 364 1591 405 enim
1615 363 1724 405 illud
1748 362 1869 416 quod

316 441 549 482 Avicenna
565 440 609 480 in
624 437 874 480 Moralibas
888 437 994 477 dicit
1009 433 1037 486 ¹,
1053 438 1061 455 ‘
1078 433 1332 488 speculator
1347 441 1513 488 quanto
1528 434 1626 489 plus
1644 432 1870 475 addiderit

313 510 621 566 speculacione
636 516 763 551 tanto
778 507 876 562 plus
892 506 1080 548 addetur
1094 506 1150 547 ad
1167 502 1504 556 felicitatem,'et
1519 505 1621 546 ideo
1634 504 1870 546 voluerunt

314 587 443 622 extra
486 580 639 621 mundi
677 577 920 620 tumultum
962 578 1022 617 ire
1063 576 1272 630 quatinus
1313 575 1507 628 quietem
1548 573 1869 630 spec-ulacionis

313 650 548 703 sapiencie,
582 655 626 690 et
667 646 1096 700 contemplacionem
1136 644 1359 687 felicitatis
1396 645 1540 687 future
1576 645 1871 701 possiderent.

313 719 419 761 Non
442 719 586 761 solum
608 726 759 761 autem
786 718 881 772 ipsi,
904 723 970 758 set
992 716 1065 758 alii
1099 716 1358 757 nobilissimi
1376 714 1632 771 philosophi
1654 723 1699 757 et
1721 722 1870 770 patres

313 789 694 844 philosophorum,
738 795 787 830 ut
829 788 1097 829 Zenocrates
1144 787 1220 840 qui
1264 786 1345 827 fuit
1386 785 1548 828 veteris
1588 785 1871 828 Achademie

314 860 530 914 princeps,
561 860 674 901 sicut
708 858 976 901 Censorinus
1003 857 1108 899 dicit
1142 857 1184 898 in
1218 856 1330 897 libro
1359 855 1429 897 De
1464 855 1552 898 Die
1586 855 1752 898 Natali
1763 854 1790 904 2,
1825 862 1869 897 et

313 929 577 982 Carneades,
613 930 688 984 qui
730 930 813 971 fuit
855 936 1010 970 auctor
1052 932 1095 984 3e
1132 927 1424 969 Achademie.
1489 926 1708 969 Platonici
1749 927 1869 969 enim

311 1000 456 1041 vocati
480 1007 580 1042 sunt
602 999 895 1042 Achademici
928 1013 953 1039 a
982 998 1082 1041 loco
1112 998 1156 1038 in
1185 1012 1274 1052 quo
1299 997 1428 1039 Plato
1451 998 1635 1047 studuit,
1658 1003 1703 1039 et
1726 997 1868 1039 diver-

309 1070 465 1111 sificati
498 1077 602 1113 sunt
628 1070 671 1111 in
705 1078 847 1112 sectas
880 1069 1042 1110 multas
1075 1074 1175 1122 post
1206 1075 1396 1109 mortem
1424 1068 1623 1123 magistri
1645 1068 1726 1110 sui.
1789 1067 1870 1110 Set

311 1154 402 1182 non
434 1140 577 1182 solum
611 1141 694 1189 isti,
717 1147 785 1182 set
818 1146 862 1182 et
895 1153 1029 1193 quam
1054 1137 1200 1192 plures
1229 1138 1317 1187 alii,
1339 1152 1450 1193 quos
1475 1137 1869 1180 nominat'Tullius

313 1225 451 1265 usque
479 1212 537 1253 ad
564 1211 628 1264 16,
651 1217 695 1252 et
723 1210 796 1252 alii
825 1209 1165 1252 innumerabiles
1195 1215 1244 1250 ut
1273 1209 1368 1263 ipse
1396 1209 1516 1260 dicit,
1538 1216 1678 1251 etates
1700 1222 1801 1250 suas
1823 1209 1868 1250 in

311 1282 448 1323 exilio
480 1288 524 1324 et
562 1288 778 1336 perpetua
814 1280 1175 1335 peregrinacione
1212 1286 1594 1334 consumpserunt,
1625 1280 1699 1334 qui
1731 1279 1868 1321 semel

312 1351 473 1406 egressi
496 1365 720 1406 nunquam
750 1352 936 1393 domum
963 1350 1123 1392 reversi
1153 1357 1269 1392 sunt.
1333 1349 1412 1392 Set
1435 1363 1524 1391 non
1551 1349 1695 1391 solum
1725 1348 1868 1399 factis,

313 1429 381 1464 set
412 1422 570 1472 verbis,
609 1429 653 1464 et
690 1420 879 1476 scriptis,
912 1426 956 1461 et
994 1420 1230 1462 sentenciis
1269 1419 1474 1474 pulchris,
1513 1420 1726 1461 mundum
1765 1433 1868 1461 cum

313 1492 519 1534 omnibus
541 1492 632 1533 suis
653 1491 1011 1545 vituperaverunt
1032 1497 1075 1531 et
1097 1491 1413 1545 despexerunt.
1475 1490 1598 1532 Dicit
1621 1490 1738 1531 enim
1762 1489 1868 1531 Pto-

312 1562 483 1605 lomeus
506 1563 548 1603 in
580 1561 826 1615 Sapz‘enciz’s
857 1560 969 1602 suis:
1004 1561 1153 1602 ‘Inter
1181 1560 1384 1601 homines
1412 1559 1548 1602 alcior
1573 1566 1639 1602 est
1671 1559 1745 1614 qui
1779 1573 1868 1601 non

313 1632 463 1675 curat³
496 1634 539 1674 in
570 1632 693 1686 cujus
721 1645 854 1673 manu
886 1632 942 1673 sit
974 1630 1190 1673 mundus?
1256 1632 1316 1673 Et
1340 1631 1586 1686 Zenophon
1618 1630 1868 1673 Socraticus

312 1704 456 1744 dixit:
490 1701 665 1743 ‘Nichil
694 1715 821 1756 egere
850 1707 917 1743 est
942 1701 1038 1751 Dei,
1065 1716 1198 1757 quam
1231 1702 1410 1744 minime
1438 1709 1586 1743 autem
1610 1701 1867 1756 proximum

313 1780 380 1815 est
400 1771 524 1826 Deo‚’
538 1773 652 1814 sicut
670 1773 822 1814 recitat
840 1771 1121 1813 Censorinus.
1175 1773 1235 1814 Et
1255 1771 1472 1823 Socrates,
1497 1779 1545 1814 ut
1568 1771 1701 1814 nichil
1723 1773 1867 1814 deter-

313 1844 531 1885 minatum
565 1843 621 1884 de
653 1843 819 1884 mundo
851 1843 1086 1884 ascriberet
1118 1843 1212 1895 sibi,
1242 1849 1386 1884 totum
1426 1843 1639 1884 mundum
1675 1842 1866 1896 patriam

312 1928 437 1955 suam
469 1913 686 1955 diffinivit.
750 1912 861 1954 Cum
895 1913 1013 1954 enim
1038 1917 1047 1934 ‘
1067 1920 1320 1967 quereretur
1351 1913 1407 1954 ab
1441 1927 1495 1954 eo
1529 1909 1798 1970 [cujatem]4
1820 1927 1868 1955 se

311 1983 502 2025 diceret:
527 1986 550 2004 “
568 1979 887 2031 Mundanum,”
911 1983 1062 2036 inquit,
1086 1983 1227 2024 tocius
1260 1983 1376 2024 enim
1411 1983 1565 2024 mundi
1602 1982 1793 2024 incolam
1822 1989 1867 2025 et

311 2054 450 2095 civem
479 2068 526 2095 se
551 2050 870 2103 arbitrabatur,'
893 2059 941 2094 ut
973 2052 1129 2094 Cicero
1144 2052 1174 2104 ⁵,
1195 2053 1402 2107 quatinus
1434 2052 1566 2093 nichil
1598 2053 1748 2094 mundi
1781 2053 1866 2095 sibi

311 2124 627 2165 determinaret
643 2123 670 2164 ⁶.
735 2123 795 2163 Et
819 2121 987 2164 Seneca
1018 2127 1065 2176 50
1086 2123 1155 2164 De
1183 2123 1481 2164 Natm‘alibus
1511 2123 1723 2165 veraciter
1749 2123 1867 2177 judi-

312 2206 416 2234 cans
439 2194 653 2234 mundum
683 2192 687 2246 Ι
715 2199 939 2233 terrenum
970 2206 1066 2244 esse
1096 2201 1310 2247 punctum
1346 2200 1546 2247 respectu
1569 2193 1666 2243 celi,
1688 2193 1771 2235 hoc
1798 2198 1866 2235 est

312 2276 390 2317 per
408 2262 748 2304 astronomicam
767 2262 902 2304 scitur
919 2263 1247 2314 certitudinem,
1266 2264 1414 2304 omnia
1432 2268 1517 2318 que
1535 2264 1577 2304 in
1594 2263 1678 2305 hoc
1697 2263 1866 2305 mundo

311 2332 506 2374 humano
544 2333 654 2374 inter
691 2332 893 2374 homines
926 2333 1235 2374 describuntur
1269 2332 1451 2375 vilificat
1486 2332 1674 2374 multum
1707 2338 1750 2374 et
1787 2332 1864 2374 ad-

310 2403 504 2453 nichilat‚
529 2409 733 2456 respectu
757 2402 837 2444 celi
862 2403 917 2443 ad
942 2404 1062 2456 quod
1088 2403 1230 2444 factus
1253 2410 1319 2444 est
1343 2403 1492 2445 homo.
1557 2400 1708 2444 Dicit⁷
1731 2402 1866 2458 igitur

310 2471 423 2526 ‘Qui
442 2471 533 2525 jam
556 2472 754 2514 animum
777 2472 902 2513 laxat
920 2480 963 2514 et
990 2480 1198 2527 preparat
1220 2473 1275 2514 ad
1300 2473 1633 2526 cogitacionem,
1655 2471 1864 2526 dignum-

309 2555 395 2595 que
422 2541 554 2582 efficit
588 2548 635 2583 ut
669 2542 711 2582 in
744 2543 1017 2584 consorcium
1054 2543 1140 2584 Dei
1173 2544 1334 2594 veniat,
1367 2550 1471 2584 tunc
1505 2548 1861 2584 consummatum

352 2636 364 2654 1
388 2636 464 2668 Met.
483 2640 504 2667 t.
524 2636 568 2667 ix.
588 2646 615 2667 c.
659 2662 666 2668 .

354 2691 365 2705 “-’
390 2692 397 2706 ‘
416 2646 840 2721 Xenocrates71>1atonicus
858 2690 985 2721 veteris
1011 2689 1220 2722 Academiae
1244 2690 1430 2732 princeps,’
1448 2700 1524 2731 cap.
1543 2699 1573 2729 5.
1600 2689 1621 2721 s.
1641 2699 1660 2719 2
1674 2689 1706 2722 b.
1754 2687 1862 2721 Paris.
1883 2677 1889 2683 ¹

313 2751 326 2772 1
355 2751 373 2771 2
399 2765 406 2779 ,
422 2741 464 2773 so.

332 2751 364 2811 5³
376 2752 463 2825 4MS.
480 2798 578 2825 artat.
878 2793 889 2811 ⁴
916 2794 1024 2825 Blank
1043 2795 1075 2825 in
1090 2795 1164 2826 MS.
1497 2793 1508 2812 ⁵
1538 2793 1627 2826 Tusc.
1647 2792 1743 2835 Disp.
1759 2803 1788 2825 v.
1807 2802 1861 2833 37.

352 2848 364 2866 ⁶
389 2846 461 2878 MS.
480 2847 732 2878 determinatet.
875 2846 887 2863 ⁷
911 2847 989 2878 Nat.
1009 2847 1119 2887 Quest.
1138 2848 1156 2878 i.
1176 2830 1264 2888 prul'
