1904 3171
1084 119 1108 153 6

319 241 586 277 secretorum
630 233 1051 287 experimentorum,
1093 245 1233 285 neque
1275 232 1319 272 in
1363 231 1483 273 libris
1525 240 1578 286 37
1620 230 1864 272 Naturalis

319 305 517 347 Historie
570 303 713 354 Plinii,
767 308 810 343 et
862 303 905 343 in
957 301 1249 354 Perspectiva,
1291 308 1334 342 et
1384 301 1479 343 aliis
1530 300 1863 355 quampluribus

319 374 526 430 operibus
557 372 835 427 philosophie
865 371 1058 421 occultis,
1087 377 1153 411 set
1183 371 1226 411 in
1256 372 1453 413 scienciis
1482 371 1680 424 volgatis,
1705 370 1862 412 Gram-

320 444 613 493 maticalibuS,
646 441 942 496 LogicalibuS,
976 440 1277 492 Naturalibus,
1318 441 1646 483 Methamaticis
1660 439 1688 490 ¹,
1722 442 1862 482 mani-

319 514 478 555 festum
525 518 591 553 est
632 510 919 566 paucissimos
961 509 1030 550 vel
1071 509 1213 550 nullos
1255 511 1312 551 ad
1348 510 1555 561 veritates
1591 517 1781 562 secretas
1819 510 1863 550 in

320 584 405 626 illis
428 583 689 638 pertingere,
710 581 824 622 sicut
850 580 1019 635 patebit
1041 586 1195 633 postea
1217 580 1352 622 alcius
1374 581 1419 625 in
1443 581 1604 623 multis.

446 709 730 752 UARTUM
778 709 955 763 signum
1008 715 1052 750 et
1103 710 1344 763 pessimum
1395 717 1462 751 est
1514 712 1765 765 ignorancie
1818 714 1862 754 in

327 710 650 846 Qhumanis
682 778 912 832 sapienciis
944 792 1060 820 nunc
1091 779 1377 833 temporibus,
1410 780 1512 834 quia
1547 782 1708 824 scimus
1739 783 1860 836 quod

318 851 479 891 veritas
496 849 646 891 divina
663 849 719 890 sit
736 848 956 902 complete
973 849 1164 890 revelata
1177 849 1271 902 jam
1290 864 1315 890 a
1331 850 1450 891 mille
1463 851 1664 893 ducentis
1682 858 1726 893 et
1741 853 1862 907 quin-

318 920 532 973 quaginta
554 918 678 960 annis
699 931 786 972 que
811 919 994 959 omnino
1016 918 1188 973 perficit
1210 919 1550 974 philosophiam,
1577 928 1622 963 et
1639 921 1863 975 dilucidat,

318 995 363 1031 et
379 988 605 1031 certificat.
668 988 728 1030 Et
745 994 840 1030 tota
857 988 1136 1043 philosophie
1152 990 1344 1032 intencio
1358 997 1423 1032 est
1440 1004 1518 1044 per
1532 991 1652 1033 viam
1674 993 1861 1035 admira-

318 1060 454 1103 cionis
487 1059 676 1101 universi
710 1059 912 1100 devenire
944 1059 986 1100 in
1015 1060 1319 1114 cognicionem
1348 1061 1448 1113 Dei,
1470 1067 1513 1103 et
1539 1063 1862 1117 proprietatum

317 1130 414 1184 eJus
442 1136 535 1171 tam
568 1127 871 1170 absolutarum
894 1142 1027 1182 quam
1057 1129 1306 1182 relatarum,
1328 1131 1385 1172 ad
1407 1132 1680 1174 creacionem
1703 1133 1856 1191 mundi

317 1209 363 1242 et
404 1199 499 1253 ejus
540 1199 938 1249 conservacionem‚
980 1207 1024 1241 et
1064 1201 1402 1255 promissionem
1451 1201 1670 1245 felicitatis
1718 1203 1863 1245 future

317 1269 628 1311 obedientibus
650 1269 744 1320 sibi,
768 1276 812 1311 et
834 1269 1099 1311 infelicitatis
1121 1285 1208 1311 non
1232 1272 1552 1324 obedientibus,
1574 1280 1668 1315 tam
1690 1273 1860 1327 angelis

317 1353 453 1393 quam
486 1339 754 1388 hominibus,
792 1346 840 1381 ut
872 1340 1023 1380 vivant
1057 1340 1139 1395 ipsi
1176 1341 1377 1383 homines
1412 1343 1505 1396 ejus
1542 1344 1662 1385 cultu
1699 1344 1864 1396 debito,

319 1409 442 1451 omni
464 1409 783 1463 supersticione
804 1416 1020 1464 quantum
1044 1411 1251 1464 possibile
1273 1419 1340 1454 est
1369 1413 1648 1468 philosophie
1680 1421 1861 1467 remota,

318 1486 364 1521 et
407 1486 454 1521 ut
499 1479 743 1521 consistant
784 1480 827 1520 in
871 1494 1045 1521 morum
1087 1481 1333 1532 honestate,
1370 1490 1413 1524 et
1447 1483 1636 1537 justicia,
1673 1491 1718 1527 et
1753 1499 1862 1539 pace

318 1550 554 1598 communi,
576 1550 782 1603 quatinus
804 1557 984 1604 propter
1012 1552 1129 1593 bona
1157 1553 1335 1594 alterius
1359 1554 1460 1605 vite,
1482 1561 1863 1610 comtempnentes

318 1619 442 1660 istius
466 1619 620 1660 mundi
637 1618 769 1671 bona,
784 1621 966 1661 tandem
982 1622 1160 1664 veniant
1178 1623 1233 1663 ad
1249 1630 1415 1665 statum
1430 1625 1629 1666 omnium
1645 1625 1862 1668 bonorum

317 1688 641 1744 aggregacione
670 1689 925 1743 perfectum,
948 1691 1023 1744 qui
1052 1698 1118 1733 est
1147 1706 1250 1733 vera
1278 1694 1512 1735 beatitudo
1540 1696 1597 1736 ab
1629 1696 1726 1750 ipso
1760 1697 1861 1739 Deo

319 1757 555 1811 largienda,
576 1763 670 1799 tam
694 1759 738 1798 in
762 1772 946 1814 corpore
968 1774 1099 1813 quarn
1124 1762 1166 1802 in
1192 1763 1352 1803 anima.
1415 1764 1484 1805 De
1513 1766 1718 1806 omnibus
1744 1766 1860 1808 enim

318 1828 411 1869 istis
441 1827 645 1876 articulis,
668 1835 713 1870 et
743 1829 920 1883 insuper
951 1831 1008 1872 de
1038 1831 1216 1875 Christo
1245 1840 1289 1875 et
1318 1833 1415 1888 lege
1447 1833 1709 1882 Christiana,
1739 1849 1861 1890 repe-

318 1897 489 1937 riuntur
525 1897 568 1938 in
603 1897 723 1938 libris
762 1898 1125 1954 philosophorum
1163 1903 1449 1945 auctoritates
1480 1904 1785 1958 pulcherrime,
1817 1913 1861 1948 et

317 1967 541 2008 sentencie
573 1967 782 2021 efficaces,
811 1976 855 2010 et
886 1971 1096 2024 exempla
1127 1972 1247 2023 mira,
1280 1987 1366 2026 que
1398 1973 1587 2015 multum
1620 1975 1861 2030 disponunt

317 2036 519 2078 homines
550 2038 607 2079 ad
639 2039 873 2080 veritatem
906 2039 1007 2081 fidei
1041 2040 1293 2084 Christiane
1325 2044 1632 2098 recipiendam,
1665 2053 1711 2087 et
1735 2045 1862 2088 facile

318 2105 611 2157 retinendam,
625 2114 669 2148 et
687 2107 858 2149 sortiter
871 2110 1404 2163 comprehendendam,et
1419 2113 1602 2155 firmiter
1615 2116 1860 2169 approban-

317 2176 436 2224 dam,
454 2189 541 2229 que
563 2177 619 2218 ad
643 2177 940 2220 defensionem
964 2187 1008 2221 et
1030 2181 1341 2235 probacionem
1365 2183 1584 2238 religionis
1613 2183 1862 2226 Christiane

318 2246 561 2287 necessario
598 2248 888 2300 requiruntur.
951 2249 1069 2304 Quia
1106 2250 1302 2292 infideles
1343 2260 1508 2306 negant
1550 2256 1860 2297 auctoritatem

320 2313 482 2355 Christi
510 2322 554 2356 et
575 2323 827 2358 sanctorum
858 2326 901 2360 et
928 2320 1426 2375 ewangelice.ve1·itatis,
1449 2329 1492 2364 et
1519 2324 1617 2366 ideo
1647 2339 1725 2379 per
1745 2325 1859 2368 hanc

318 2383 436 2425 viam
460 2398 547 2425 non
570 2391 636 2426 est
658 2388 852 2428 eundum
875 2395 1029 2430 contra
1051 2404 1127 2432 eos
1148 2391 1215 2432 vel
1239 2393 1295 2434 ad
1325 2407 1476 2434 eorum
1508 2394 1862 2448 instruccionem,

318 2464 462 2506 neque
498 2454 632 2496 debet
663 2455 819 2509 aliquis
852 2471 1106 2511 presumere
1138 2461 1195 2502 de
1237 2462 1458 2505 miraculis
1497 2464 1705 2507 faciendis
1745 2479 1860 2507 nunc

317 2523 544 2576 temporis.
607 2523 892 2580 Quapropter
922 2530 1056 2570 tercia
1087 2531 1156 2572 via
1188 2537 1254 2572 est
1287 2533 1557 2586 requirenda,
1580 2542 1623 2576 et
1653 2535 1738 2577 hoc
1769 2549 1858 2578 non

317 2597 384 2631 est
411 2591 493 2632 nisi
522 2606 600 2645 per
632 2600 897 2647 potestatem
930 2599 1222 2654 philosophie,
1250 2615 1336 2655 que
1365 2609 1431 2644 est
1461 2605 1709 2646 communis
1732 2605 1859 2647 nobis

317 2665 363 2699 et
389 2660 462 2711 eis,
478 2662 582 2714 quia
605 2662 802 2706 infideles
823 2666 1036 2720 principia
1058 2669 1339 2725 philosophie
1362 2679 1404 2714 et
1427 2672 1619 2715 humane
1639 2674 1860 2728 sapiencie

320 2742 407 2769 non
442 2738 629 2783 possunt
662 2746 833 2787 negare,
855 2750 996 2790 neque
1027 2746 1230 2782 auctores
1262 2755 1446 2793 eorum;
1494 2750 1537 2784 et
1570 2743 1670 2785 ideo
1702 2758 1759 2785 ex
1791 2743 1859 2785 his

709 2824 721 2843 ²
747 2825 796 2856 Or
814 2826 1128 2871 Metha[physi]cis,
1148 2842 1187 2862 or
1205 2831 1461 2875 Mecha[ni]cis.
