1904 3171
1040 134 1089 161 12

292 236 543 279 ‘Primum1
575 238 771 280 omniurn
805 270 814 279 .
845 269 853 279 .
887 269 896 278 .
930 237 1054 278 Deus
1087 251 1241 279 omnes
1273 244 1494 280 creaturas
1525 237 1758 288 edificavit,
1789 242 1834 278 et

291 321 573 362 summopere
599 322 731 349 unam
759 307 921 349 molem
951 307 1149 355 instituit,
1172 313 1305 360 atque
1334 322 1422 358 eas,
1445 321 1554 361 quas
1586 322 1644 349 ex
1672 307 1834 349 nichilo

293 377 410 427 fecit,
453 378 754 433 multipliciter
796 375 1024 418 dilatavit.'
1087 376 1147 417 Et
1192 376 1487 431 Trimegistus
1528 378 1571 419 in
1612 378 1725 419 libro
1765 377 1834 418 De

292 448 541 490 Dz'vz'nz’tate
553 447 614 488 ad
621 447 868 500 Asclepium
885 446 969 487 ait:
999 446 1072 486 ‘In
1090 445 1298 488 Creatore
1312 453 1413 488 sunt
1430 448 1580 501 omnia
1594 454 1834 501 antequam

292 524 480 559 creasset
498 518 647 559 omnia
660 515 669 530 '
688 523 731 558 et
754 516 853 557 ideo
873 515 1143 558 creacionem
1168 515 1400 557 manifeste
1421 524 1663 570 posuerunt
1681 530 1834 571 quam-

291 588 356 628 vis
390 587 515 628 multi
548 600 637 627 non
669 586 866 640 legentes
898 599 977 626 nec
1010 585 1305 639 intelligentes
1332 586 1423 627 vias
1455 586 1836 642 philosophorum,

294 657 472 710 negavit
494 669 569 696 eos
592 656 863 697 creacionem
886 654 1099 708 posuisse.
1163 654 1224 696 Et
1247 655 1359 696 inter
1380 662 1541 707 creata,
1563 656 1708 710 angeli
1733 662 1836 698 sunt

293 725 530 767 nobiliores
546 725 642 766 aliis
664 731 708 766 et
727 725 867 779 magis
885 724 1093 766 occultati
1109 724 1166 766 ab
1183 723 1408 766 intellectu
1427 725 1632 777 humano,
1647 739 1836 780 quorum

295 802 442 836 tamen
479 795 748 836 creacionem
783 793 1039 835 mirabiliter
1071 795 1327 848 exprimunt
1359 794 1624 849 philosophi.
1688 796 1836 838 Primo

296 865 428 918 igitur
467 879 544 918 per
585 871 731 906 motus
768 877 1003 917 corporum
1042 864 1196 905 mundi
1229 879 1340 918 quos
1375 865 1634 906 invenerunt
1666 865 1838 908 circiter

295 934 540 987 sexaginta,
575 940 816 988 posuerunt
852 934 1032 988 angelos
1070 948 1166 976 esse
1201 940 1280 984 tot,
1313 934 1417 989 quia
1452 934 1515 975 illi
1553 941 1699 977 motus
1735 941 1838 977 sunt

293 1004 541 1055 voluntarii,
583 1011 627 1046 et
668 1004 768 1045 ideo
810 1003 922 1044 fiunt
964 1018 1041 1058 per
1082 1004 1273 1057 angelos.
1352 1004 1414 1046 Et
1455 1004 1573 1046 istud
1615 1011 1739 1058 patet
1780 1020 1838 1046 ex

297 1074 622 1128 Methaphisica
654 1073 900 1116 Aristotilis
930 1080 973 1115 et
1001 1073 1267 1115 Avicenni2.
1332 1074 1508 1116 Deinde
1538 1076 1838 1117 extenderunt

294 1159 340 1185 se
362 1145 418 1185 ad
442 1144 692 1186 ulteriorem
718 1145 1135 1196 consideracionem,
1157 1145 1430 1186 invenientes
1454 1146 1580 1200 quasi
1605 1156 1836 1188 numerum

294 1214 510 1257 infinitum
541 1215 682 1266 nobis,
706 1216 819 1257 sicut
849 1215 1198 1269 multiplicantur
1228 1216 1454 1257 individua
1485 1216 1528 1256 in
1557 1215 1641 1257 hoc
1674 1217 1839 1259 mundo

296 1284 485 1327 inferiori
509 1285 591 1326 sub
614 1300 699 1327 una
727 1286 900 1341 specie3
935 1292 979 1327 et
1002 1286 1303 1340 distinguntur
1329 1286 1386 1327 ab
1416 1286 1604 1328 invicem
1643 1300 1839 1337 numero,

293 1355 405 1396 sicut
439 1355 664 1397 individua
698 1354 933 1397 sensibilia.
998 1355 1220 1397 Differunt
1252 1362 1413 1403 tamen,
1447 1356 1567 1410 quod
1600 1356 1745 1410 angeli
1777 1356 1840 1398 ita

293 1432 549 1479 separantur
579 1426 636 1466 ab
668 1425 854 1467 invicem
893 1426 1011 1480 quod
1045 1439 1132 1466 non
1169 1432 1519 1480 corrumpuntur,
1552 1433 1619 1468 set
1657 1433 1838 1468 manent

296 1496 340 1535 in
377 1509 472 1536 esse
509 1495 667 1537 stabili.
733 1496 832 1538 Hec
873 1503 1023 1537 autem
1066 1495 1293 1538 individua
1335 1503 1442 1537 nota
1482 1502 1742 1550 separantur
1781 1497 1838 1538 ab

295 1565 492 1616 invicem,
530 1565 591 1606 ita
627 1566 747 1619 quod
783 1566 1022 1619 aliquando
1063 1572 1414 1620 corrumpuntur.
1479 1566 1574 1607 Hec
1616 1567 1840 1608 sentencia

296 1649 502 1689 expresse
522 1635 724 1677 scribitur
746 1636 789 1676 in
812 1635 924 1676 libro
945 1635 1013 1676 De
1039 1635 1191 1678 causis
1208 1634 1236 1676 3.
1291 1636 1350 1677 Et
1373 1636 1408 1678 si
1430 1635 1635 1678 volumus
1657 1636 1839 1678 ulterius

296 1705 504 1746 admirari
537 1706 669 1748 verba
697 1706 844 1748 Ethici
871 1707 1127 1756 astronomi,
1154 1721 1387 1760 possumus
1419 1707 1577 1758 dicere,
1606 1707 1717 1748 sicut
1747 1707 1840 1761 ipse

297 1776 402 1817 dicit
444 1776 487 1816 in
531 1776 644 1817 libro
685 1790 777 1827 suo,
819 1790 977 1818 novem
1021 1777 1194 1818 ordines
1235 1776 1505 1830 angelorum,
1546 1790 1656 1830 quos
1699 1777 1838 1818 eciam

295 1847 442 1900 posuit
464 1847 637 1888 stetisse
658 1847 700 1887 in
724 1845 863 1900 gloria
885 1846 1045 1888 celesti.
1099 1847 1159 1888 Et
1181 1846 1361 1888 ulterius
1385 1847 1652 1901 presumpsit
1674 1861 1838 1901 ponere

296 1917 519 1958 decimum
561 1917 761 1958 ordinem
807 1917 883 1970 qui
930 1917 1034 1958 fecit
1083 1917 1251 1958 ruinam
1299 1924 1342 1959 et
1384 1917 1542 1958 cecidit
1587 1916 1631 1957 in
1675 1930 1838 1970 penam

149 2004 186 2035 25
205 2006 225 2027 a
244 2004 273 2026 1.
296 1986 562 2027 infernalem.
592 1984 597 2042 Ι
626 1987 686 2028 Et
709 1987 809 2028 ideo
836 1987 993 2028 beatus
1021 1986 1320 2035 Hieronimus,
1343 1988 1520 2041 quando
1548 1986 1654 2041 legit
1682 1986 1764 2027 hec
1793 1995 1836 2028 et

295 2056 434 2097 multa
470 2056 557 2097 alia
591 2058 645 2098 de
679 2057 879 2111 angelica
913 2064 1123 2106 creatura,
1155 2057 1301 2098 dixit4
1333 2058 1389 2098 de
1424 2056 1507 2099 hoc
1544 2057 1833 2111 philosopho:

292 2129 300 2145 ‘
319 2140 418 2166 cum
436 2127 625 2180 ceperim
641 2126 829 2168 discere5
846 2128 976 2177 hunc,
991 2133 1057 2168 tot
1077 2127 1293 2168 invenisse
1312 2134 1355 2168 et
1373 2133 1464 2168 tam
1480 2140 1641 2182 magna
1658 2128 1837 2180 dixisse,

294 2195 510 2237 hanelitus
530 2197 723 2251 corporis
742 2197 827 2238 mei
845 2211 944 2239 cum
965 2197 1109 2239 tedio⁶
1128 2197 1268 2238 multo
1286 2197 1544 2251 paciebatur
1560 2198 1834 2240 anxietatem

290 2265 403 2306 vite.'
1034 2261 1038 2264 ⁶

356 2334 436 2377 Set
467 2343 511 2377 et
542 2336 674 2391 longe
706 2339 848 2392 magis
879 2338 1164 2380 admirandus
1194 2344 1260 2380 est
1282 2337 1500 2392 Apuleius
1525 2337 1836 2390 Mandetensis,

295 2405 338 2445 in
365 2405 475 2446 libro
507 2406 575 2447 De
601 2407 692 2448 Deo
716 2408 912 2449 Socratis
925 2407 953 2459 ⁷,
976 2408 1019 2448 in
1052 2422 1140 2462 quo
1173 2408 1313 2449 multa
1346 2408 1561 2449 mirabilia
1591 2408 1837 2450 ediscerens

335 2519 347 2537 ¹
376 2519 549 2550 ‘Primum
571 2521 720 2551 omniurn
745 2521 875 2552 initium
899 2522 1115 2553 mirabillium
1141 2522 1226 2553 deus
1243 2521 1390 2553 instituit
1413 2521 1565 2562 illudque
1582 2522 1838 2554 fundamentum

291 2571 528 2612 principaliter
544 2574 659 2612 posuit
674 2584 735 2605 sua
752 2575 1010 2614 dispensatione
1028 2574 1225 2606 mirabiliter
1247 2580 1348 2615 atque
1370 2579 1544 2615 potenter,
1560 2575 1700 2615 quando
1717 2585 1838 2607 omnes

292 2630 467 2655 creaturas
490 2625 655 2656 indivisas
677 2631 779 2666 atque
797 2627 1056 2667 incompositas,
1074 2627 1108 2657 in
1125 2637 1186 2658 sua
1205 2627 1385 2667 sapientia,
1406 2627 1598 2658 aedificium
1620 2636 1836 2668 summopere

290 2676 324 2706 in
342 2687 443 2707 unam
462 2682 612 2716 ergatam
635 2678 784 2710 instituit
800 2683 902 2719 atque
920 2690 989 2719 eas,
1009 2689 1094 2719 quas
1115 2690 1158 2710 ex
1178 2680 1287 2711 nihilo
1306 2680 1398 2718 fecit,
1425 2679 1661 2720 multipliciter
1683 2678 1836 2720 prolatas

287 2728 462 2768 dilatavit,’
481 2739 513 2768 p.
531 2739 562 2761 2.

334 2780 345 2797 ²
370 2781 437 2812 See
455 2780 531 2813 Met.
548 2781 614 2814 Av.
634 2793 665 2822 9.
685 2793 714 2815 2.
936 2783 948 2801 ³
974 2786 981 2815 ,2
1001 2794 1074 2824 cap.
1096 2794 1144 2823 17.
1368 2783 1378 2802 ¹
1403 2794 1434 2824 p.
1452 2786 1484 2822 6,
1502 2793 1555 2823 op.
1574 2783 1628 2814 cit.

333 2831 345 2849 ⁵
372 2833 444 2865 MS.
463 2834 588 2866 dicere.
932 2835 944 2852 ⁶
969 2836 1040 2867 MS.
1062 2836 1184 2867 medio.
1364 2835 1374 2852 ⁷
1400 2846 1432 2876 p.
1450 2837 1501 2876 67,
1523 2836 1576 2867 ed.
1600 2844 1693 2875 1594.
