1904 3171
833 161 882 200 51

86 267 128 307 in
159 266 282 316 libro,
305 266 380 319 qui
408 265 570 306 dicitur
592 265 660 305 De
685 265 939 306 Mutacz'one
972 263 1065 305 Vite
1095 262 1258 313 Ovidii,
1282 263 1356 315 qui
1387 262 1634 303 inscribitur

85 335 154 375 De
186 334 350 386 Vetula,
367 341 549 388 propter
571 348 705 387 quam
730 334 923 375 mutacio
947 331 1084 374 fuerat
1103 332 1230 384 facta,
1250 331 1430 372 refertur
1448 330 1634 372 Ovidius

88 406 210 446 Naso
226 405 431 458 loquutus
448 404 578 445 fuisse
595 405 649 445 de
665 404 747 445 hac
763 403 1088 456 conjunccione,
1100 409 1143 443 et
1159 416 1215 442 ex
1231 401 1325 454 ejus
1339 400 1633 453 disposicione

87 475 337 528 prorupisse
351 474 696 515 admiracionem
711 480 829 514 secte
840 470 1137 519 Mercurialis?
1152 470 1436 525 producende
1450 470 1491 510 in
1508 484 1632 510 mun-

86 545 192 585 dum
215 558 293 598 per
317 544 581 597 prophetam
605 543 874 584 nasciturum
900 543 954 583 de
977 542 1141 596 virgine
1164 543 1333 594 absque
1359 540 1489 580 maris
1511 553 1630 581 com-

87 614 319 660 mixcione,
337 628 470 666 quam
491 613 683 654 futuram
699 627 792 654 esse
807 613 1000 666 predixit
1016 618 1120 666 post
1134 611 1254 651 illam
1270 609 1631 663 conjunccionem

86 696 164 736 per
193 697 333 724 annos
367 685 406 731 6,
440 684 501 723 ita
532 684 651 736 quod
683 683 924 723 secundum
958 683 1101 735 ipsum
1131 687 1382 722 nasceretur
1409 679 1631 721 tricesimo

85 767 202 794 anno
226 753 457 794 Octaviani
480 753 687 806 Augusti,
714 753 825 793 sicut
849 752 966 805 prius
993 751 1246 806 expositum
1279 756 1356 790 est.
1420 750 1631 802 Loquens

86 822 217 874 igitur
250 822 437 863 Ovidius
471 823 525 862 de
559 821 873 874 conjunccione
906 820 1071 874 majore
1104 827 1148 861 et
1181 819 1268 861 fere
1293 819 1501 868 maxima,
1524 818 1631 859 dicit

84 891 127 931 in
143 898 292 933 ‘metro
315 906 395 933 suo
419 892 502 932 hoc
527 892 661 932 modo
677 889 703 940 ²,

233 989 360 1030 ‘Una
392 989 573 1042 quidem
607 989 706 1029 talis
740 988 853 1029 felici
885 996 1088 1042 tempore
1119 1003 1259 1042 nuper

260 1057 462 1099 Caesaris
496 1057 689 1112 Augusti
724 1057 816 1108 fuit,
849 1072 964 1099 anno
1000 1059 1066 1099 bis
1099 1059 1307 1099 duodeno

260 1128 305 1169 A
339 1129 459 1181 regni
492 1128 690 1169 novitate
723 1129 802 1177 sui,
834 1143 919 1182 que
950 1129 1227 1183 significavit,

262 1199 366 1239 Post
399 1212 565 1238 annum
598 1205 788 1247 sextum,
823 1199 939 1239 nasci
973 1199 1134 1240 debere
1168 1198 1443 1252 prophetam,

258 1268 447 1321 Absque
479 1268 613 1309 maris
644 1268 765 1308 coitu
798 1269 853 1308 de
883 1269 1063 1321 virgine,
1096 1268 1218 1321 cujus
1249 1268 1437 1308 habetur

260 1337 414 1391 Tipus,
447 1338 521 1377 ubi
554 1337 653 1390 plus
688 1337 934 1378 Mercurius
965 1339 1030 1378 vis
1063 1338 1394 1392 multiplicatur.

260 1407 398 1461 Cujus
429 1408 511 1448 erit
543 1421 724 1448 concors
757 1407 1010 1461 complexio
1044 1408 1187 1461 primo
1220 1407 1364 1448 future

259 1476 404 1519 Secte.
470 1477 586 1517 Nam
611 1491 828 1530 nusquam
862 1478 918 1519 de
950 1478 1085 1530 signis
1117 1478 1178 1518 sic
1209 1477 1466 1518 dominatur

261 1547 518 1601 Mercurius,
550 1548 664 1589 sicut
698 1549 739 1588 in
773 1547 901 1601 signo
931 1545 1151 1600 Virginis‚'
1176 1580 1184 1587 .
1210 1580 1218 1589 .
1242 1579 1250 1588 .

84 1645 144 1687 Et
177 1646 319 1698 prima
352 1645 474 1686 faciei
495 1645 689 1699 Virginis
722 1645 991 1687 ascendebat
1023 1646 1065 1686 in
1097 1646 1280 1695 oriente,
1312 1644 1491 1697 quando
1523 1657 1627 1684 con·
1676 1651 1683 1658 ’

78 1715 252 1768 junccio
289 1715 362 1756 illa
399 1715 514 1756 facta
552 1715 644 1756 fuit.
710 1715 769 1756 Et
807 1714 887 1756 fuit
922 1714 996 1756 illa
1030 1714 1285 1768 conjunccio
1323 1727 1460 1767 prope
1496 1720 1628 1767 caput

81 1785 260 1826 Arietis.
338 1784 385 1826 Si
427 1785 543 1825 enim
591 1784 867 1825 revolvamus
910 1792 1058 1826 motus
1101 1784 1278 1826 Saturni
1320 1790 1364 1824 et
1402 1783 1524 1837 Jovis
1570 1783 1627 1824 ad

82 1863 257 1908 tempus
294 1854 414 1906 illud,
450 1855 722 1895 inveniemus
760 1869 834 1896 eos
872 1854 1002 1896 fuisse
1039 1855 1296 1908 conjunctos
1338 1867 1416 1906 per
1458 1853 1627 1893 medios

81 1938 232 1965 cursus
254 1938 357 1964 suos
382 1931 486 1964 ante
515 1923 791 1965 nativitatem
820 1921 825 1978 Ι
856 1923 1016 1965 Christi
1045 1937 1123 1978 per
1148 1937 1228 1963 sex
1260 1937 1398 1964 annos
1430 1922 1625 1976 quinque
1644 1939 1685 1971 3²
1703 1929 1724 1961 b
1743 1938 1771 1962 2.

81 1993 174 2034 dies
197 2000 240 2034 et
263 2002 350 2034 tres
373 1993 529 2042 horas;
562 2000 606 2034 et
636 2000 729 2035 erat
764 1994 934 2034 medius
967 2007 1116 2033 cursus
1144 1993 1369 2046 utriusque
1398 1993 1440 2033 in
1472 1992 1627 2033 Ariete

86 2076 137 2102 10
159 2064 322 2117 gradus
345 2064 399 2116 56
428 2063 598 2104 minuta
621 2063 676 2113 48
707 2064 915 2104 secunda.
981 2063 1157 2104 Medius
1178 2077 1282 2103 vero
1307 2069 1451 2103 motus
1473 2068 1628 2103 octave

81 2146 207 2186 spere
245 2139 337 2174 erat
373 2147 430 2173 ex
468 2133 622 2173 mediis
659 2133 809 2173 circuli
847 2132 970 2186 parvi
1015 2145 1065 2171 10
1103 2132 1267 2185 gradus
1305 2140 1331 2184 5
1369 2132 1539 2173 minuta
1571 2140 1622 2184 51

80 2203 275 2243 secunda
293 2213 343 2254 27
361 2202 505 2251 tercia,
521 2202 704 2255 ejusque
725 2202 908 2255 equacio
926 2216 985 2243 ex
1000 2203 1207 2257 gradibus
1222 2202 1405 2255 zodyaci
1425 2203 1447 2242 8
1463 2202 1626 2256 gradus

79 2283 131 2321 41
160 2272 329 2312 minuta
351 2271 375 2309 6
400 2272 548 2318 tercia,
572 2278 615 2312 et
648 2278 740 2311 erat
774 2272 1014 2312 minuenda
1045 2286 1071 2312 a
1103 2271 1211 2312 locis
1240 2272 1437 2312 omnium
1472 2271 1623 2325 plane-

79 2349 255 2391 tarum3
289 2341 405 2381 unde
438 2348 742 2382 remanserunt
771 2341 825 2381 de
855 2340 1011 2381 Ariete
1045 2353 1069 2382 2
1099 2342 1261 2396 gradus
1295 2352 1347 2391 14
1377 2342 1546 2382 minuta
1566 2354 1622 2392 42

80 2411 283 2452 secunda.
347 2410 460 2452 Cum
493 2424 598 2464 ergo
629 2410 879 2451 differencia
909 2411 1023 2452 inter
1055 2411 1165 2452 duas
1191 2410 1523 2465 conjuncciones
1547 2426 1626 2467 per

79 2493 230 2533 cursus
263 2480 434 2520 medios
467 2481 603 2521 addat
637 2487 739 2520 octo
771 2479 906 2532 signa,
934 2480 1047 2521 duos
1079 2481 1254 2534 gradus,
1285 2488 1338 2533 25
1371 2481 1542 2521 minuta
1572 2492 1622 2534 17

79 2550 284 2599 secunda,
307 2549 504 2603 sequitur
533 2550 653 2602 quod
682 2550 923 2604 precedens
945 2550 1201 2603 conjunccio
1223 2551 1364 2593 fuerat
1386 2552 1429 2592 in
1454 2551 1624 2593 Cancro

80 2632 134 2673 29
166 2619 375 2673 gradibus
407 2630 462 2670 49
497 2619 676 2659 minutis
709 2627 761 2670 25
788 2620 1003 2670 secundis,
1027 2627 1071 2660 et
1099 2620 1159 2660 ita
1182 2627 1354 2662 mutata
1381 2621 1464 2662 fuit
1487 2621 1624 2674 tripli-

78 2690 188 2730 citas
218 2703 244 2730 a
275 2689 401 2742 signo
433 2688 639 2741 aquatico
671 2689 726 2728 ad
760 2689 947 2742 igneum.
1023 2689 1070 2731 Si
1105 2704 1208 2731 vero
1245 2690 1326 2732 hec
1364 2691 1622 2745 conjunccio

281 2803 289 2821 ¹
318 2803 388 2834 MS.
408 2804 603 2836 numeralis.

274 2856 286 2873 ²
311 2856 361 2887 De
381 2855 508 2896 Vetula,
527 2857 584 2889 lib.
603 2857 648 2888 iii.
667 2867 692 2888 c.
711 2868 763 2898 35,
786 2868 817 2898 p.
840 2861 890 2899 76,
910 2859 963 2891 ed.
986 2858 1244 2900 Wolsenbutte1‚
1268 2862 1361 2892 1662.
