1904 3171
795 158 845 196 47

53 257 214 299 circulo
228 257 479 308 celesti‚hoc
493 264 558 299 est
573 258 629 299 de
644 258 1070 313 firmament0,quam
1087 260 1344 302 divisionem
1362 263 1584 315 signorum

55 326 219 369 faciunt
235 341 315 368 sex
338 327 485 368 circuli
498 341 593 368 sese
611 328 920 370 intersecantes
939 330 981 369 in
1002 329 1112 383 polis
1132 330 1306 380 zodiaci,
1326 337 1367 371 et
1385 332 1585 374 dividunt

54 403 198 438 totum
240 397 382 438 celum
424 397 466 437 in
512 409 562 439 12
599 405 745 451 partes
783 398 970 452 equales,
1012 405 1055 439 et
1099 412 1184 451 que
1222 406 1367 451 partes
1403 408 1587 453 possunt

55 467 319 507 considerari
352 467 394 507 in
428 468 608 509 zodiaco
641 468 796 518 solum,
829 475 873 509 et
905 474 1009 509 tunc
1041 475 1142 509 sunt
1172 469 1346 521 proprie
1375 471 1510 523 signa,
1541 478 1588 511 ut

53 533 183 576 Aries
221 541 263 576 et
304 535 400 584 alia,
428 543 504 577 aut
541 544 725 590 possunt
757 537 816 578 illi
851 537 996 578 circuli
1027 537 1286 589 ymaginarii
1320 539 1501 579 extendi
1534 540 1588 579 ad

55 603 192 657 polos,
216 605 258 644 in
286 605 444 658 quibus
473 619 520 646 se
541 607 837 655 intrinsecam,
860 613 904 647 et
927 613 1029 647 tunc
1053 606 1253 646 dividunt
1276 612 1420 647 totum
1444 607 1587 647 celum

55 673 98 713 in
135 685 186 715 12
221 680 368 727 partes
403 674 580 728 equales
617 675 831 717 habentes
867 675 1120 728 angusciam
1157 675 1200 715 in
1237 676 1591 717 extremitatibus

56 743 167 784 circa
190 743 330 797 polos,
350 751 394 786 et
417 744 698 786 latitudinem
721 745 763 785 in
787 745 933 786 medio
955 746 1011 786 ad
1033 746 1212 786 modum
1236 745 1357 785 fundi
1381 746 1590 796 navicule,

54 812 116 853 ita
146 815 265 866 quod
297 813 369 855 illa
399 813 588 855 latitudo
620 814 813 855 continet
845 814 1148 855 extremitates
1180 815 1372 867 parcium
1409 815 1590 866 zodiaci,

55 896 165 936 qua-s
203 883 424 923 communi
462 883 639 924 nomine
671 897 879 924 vocamus
911 884 1048 938 signa,
1082 884 1196 924 unde
1228 884 1401 936 signum
1436 885 1592 925 dicitur

56 952 242 1005 proprie,
283 959 331 994 ut
364 951 510 1003 Aries,
545 952 730 1004 Taurus,
767 952 844 994 &c.
907 953 966 994 Et
1003 953 1188 993 sumitur
1221 953 1347 994 aliter
1382 967 1461 1006 pro
1497 960 1592 996 tota

56 1021 136 1061 celi
153 1028 277 1074 parte
299 1029 507 1063 contenta
529 1023 641 1063 inter
658 1023 770 1063 duos
788 1023 972 1063 circulos
988 1029 1280 1071 transeuntes,
1295 1022 1412 1063 verbi
1430 1023 1591 1076 gracia,

57 1105 134 1144 per
169 1090 275 1132 fines
312 1090 493 1141 Arietis,
529 1093 602 1145 qui
641 1092 786 1134 circuli
818 1098 1079 1134 concurrunt
1111 1093 1153 1132 in
1183 1091 1294 1145 polis
1327 1093 1504 1140 mundi3
1549 1099 1592 1132 et

56 1161 172 1202 istud
205 1160 378 1215 signum
411 1162 568 1203 dicitur
600 1176 694 1203 esse
725 1162 899 1214 signum
930 1161 1110 1209 Arietis,
1142 1162 1245 1214 quia
1277 1160 1372 1213 ejus
1402 1161 1590 1202 latitudo

57 1231 256 1273 consistit
291 1231 333 1271 in
368 1232 624 1272 extensione
654 1231 835 1279 Arietis,
868 1237 912 1272 et
947 1231 1008 1273 sic
1045 1230 1171 1273 stelle
1207 1244 1294 1284 que
1330 1237 1431 1271 sunt
1463 1237 1590 1272 extra

58 1313 214 1354 corpus
249 1298 418 1342 Arietis
460 1300 663 1342 dicuntur
699 1314 793 1341 esse
831 1301 874 1341 in
909 1300 1036 1353 signo
1068 1299 1246 1350 Arietis,
1278 1300 1475 1353 quamvis
1508 1301 1593 1341 sint

52 1369 184 1424 juxta
206 1370 332 1423 polos
356 1370 519 1411 mundi.

116 1439 233 1480 Aliis
262 1439 399 1480 eciam
430 1439 573 1480 modis
599 1438 771 1481 duobus
801 1440 959 1481 dicitur
984 1439 1157 1493 signum
1192 1446 1239 1480 ut
1269 1453 1420 1481 omnes
1450 1446 1595 1494 partes

58 1515 172 1550 terre
186 1515 229 1551 et
245 1509 431 1550 aliorum
450 1509 767 1550 elementorum
787 1516 829 1551 et
846 1523 1000 1550 omnes
1018 1516 1164 1563 partes
1182 1511 1354 1551 orbium
1371 1509 1594 1551 celestium

59 1579 262 1636 dicantur
294 1593 388 1620 esse
420 1580 463 1620 in
496 1580 645 1632 signis.
707 1578 786 1620 Set
821 1579 901 1620 hec
933 1585 1099 1632 patent.
1163 1577 1321 1633 Aeque
1351 1580 1521 1634 signum
1553 1586 1597 1621 et

59 1649 220 1702 gradus
249 1648 373 1690 stelle
401 1648 470 1689 vel
503 1647 680 1690 alterius
711 1648 770 1689 rei
800 1649 989 1689 sumitur
1022 1648 1160 1699 aliter,
1185 1654 1232 1689 ut
1261 1663 1318 1689 ex
1351 1648 1597 1702 Alfragano

59 1725 104 1759 et
139 1718 292 1759 ceteris
324 1718 602 1759 manifestum
629 1725 706 1759 est.
770 1717 848 1760 Set
878 1724 920 1758 et
951 1717 1035 1758 alie
1066 1718 1224 1759 domus
1254 1719 1458 1760 dicuntur
1486 1719 1597 1759 acci-

59 1788 270 1838 dentales,
298 1789 401 1842 quia
432 1788 589 1830 divisio
619 1802 771 1829 earum
805 1794 870 1829 est
902 1788 1199 1841 accidentalis,
1224 1794 1268 1829 et
1301 1802 1386 1828 non
1420 1794 1599 1829 manent

61 1859 281 1900 secciones
309 1858 352 1898 in
383 1858 539 1899 eodem
569 1857 666 1899 loco
693 1858 774 1899 celi
804 1858 907 1911 quia
936 1871 1024 1899 non
1053 1863 1294 1910 sequuntur
1320 1864 1490 1898 motum
1518 1857 1598 1897 celi

60 1934 104 1970 et
140 1929 240 1969 ideo
274 1934 503 1969 mutantur
538 1926 716 1968 earum1
750 1927 845 1969 loca
881 1928 923 1967 in
961 1927 1120 1968 circulo
1157 1941 1231 1968 seu
1270 1927 1363 1968 celo
1402 1927 1444 1967 in
1480 1926 1598 1967 omni

61 1999 181 2040 hora.
244 1998 304 2039 Et
325 2004 557 2039 sumuntur
582 1997 664 2037 hee
686 1998 922 2047 secciones‚
942 2003 990 2037 ut
1013 1997 1180 2038 dictum
1205 2002 1269 2037 est
1293 2010 1369 2050 per
1390 1996 1598 2037 circulum

62 2067 353 2109 meridianum
398 2073 441 2108 et
483 2065 788 2108 horizontem2
826 2079 924 2107 cum
966 2065 1062 2106 aliis
1104 2077 1143 2115 4.
1207 2065 1408 2105 Domus3
1449 2071 1598 2106 autem

62 2151 147 2191 que
179 2137 338 2178 dicitur
370 2136 580 2178 naturalis
611 2136 756 2178 adhuc
789 2142 854 2177 est
885 2135 1081 2189 duplex3
1113 2136 1303 2188 quedam
1337 2134 1600 2188 principalis,

62 2207 252 2261 quedam
294 2221 380 2248 non
422 2205 685 2260 principalis,
722 2206 838 2246 unde
880 2205 1039 2246 dicitur
1075 2203 1356 2246 accidentalis
1398 2210 1599 2258 respectu

63 2276 322 2331 principalis.
385 2276 642 2329 Principalis
674 2270 822 2317 autem
856 2275 1013 2316 domus
1045 2274 1220 2328 planete
1257 2274 1415 2315 domus
1452 2279 1518 2314 est
1555 2273 1598 2313 in

62 2344 185 2400 qua4
221 2351 392 2386 creatus
433 2344 528 2396 fuit,
566 2352 614 2386 ut
652 2345 747 2386 Leo
790 2350 856 2385 est
891 2344 1050 2384 domus
1092 2342 1221 2395 Solis,
1259 2343 1426 2384 Cancer
1464 2343 1600 2392 Lune,

62 2416 200 2470 Virgo
230 2415 449 2467 Mercurii,
472 2414 609 2456 Libra
633 2414 833 2464 Veneris,
854 2413 983 2454 Aries
1014 2413 1169 2454 Martis
1198 2413 1437 2453 secundum
1469 2426 1599 2465 quos-

64 2486 179 2538 dam,
203 2485 443 2526 secundum
473 2484 582 2525 alios
613 2483 835 2537 Scorpius,
860 2482 1120 2536 Sagittarius
1149 2481 1283 2534 Jovis,
1307 2480 1600 2535 Capricornus

65 2553 258 2596 Saturni.
320 2553 493 2594 Domus
523 2560 669 2594 autem
702 2554 845 2593 minus
876 2550 1138 2606 principales
1167 2556 1278 2601 sunt,
1301 2556 1348 2591 ut
1376 2549 1600 2603 Aquarius

67 2624 257 2666 Saturno
291 2624 433 2674 datur,
468 2623 612 2664 Pisces
644 2622 755 2675 Jovi,
788 2621 996 2674 Scorpius
1030 2619 1161 2660 Marti
1194 2620 1437 2661 secundum
1470 2631 1600 2659 unam

65 2693 331 2748 opinionem,
369 2694 610 2734 secundum
652 2692 784 2733 aliam
826 2690 970 2740 Aries,
1004 2689 1175 2730 Taurus
1211 2689 1385 2740 Veneri,
1428 2687 1600 2728 Gemini

199 2797 206 2814 ¹
232 2796 306 2830 MS.
323 2807 452 2829 eorum.
649 2795 661 2813 ²
686 2796 758 2827 MS.
778 2795 980 2827 orricaitum.
1175 2793 1187 2811 ³
1212 2793 1284 2825 MS.
1307 2793 1468 2825 Dicimus-

195 2848 206 2865 ⁴
233 2849 304 2881 MS.
323 2860 400 2889 quo.
