1904 3171
828 162 881 200 43

84 269 127 304 et
150 262 260 305 alios
280 275 308 314 4
329 263 511 306 circulos
541 265 850 305 intersecantes
872 278 919 306 se
941 265 983 305 in
1006 279 1156 306 eorum
1180 268 1462 319 seccionibus‚
1485 272 1544 312 ita
1568 279 1615 314 ut

85 334 227 387 prima
258 334 417 374 domus
458 334 637 388 incipiat
670 335 726 375 ab
768 335 937 376 oriente
974 340 1017 375 et
1049 336 1131 377 sub
1172 350 1224 377 eo
1255 338 1310 378 sit
1351 341 1617 391 constituta3

83 403 244 444 deinde
264 403 504 445 succedunt
527 404 564 444 ei
601 409 642 445 2³
664 404 822 444 domus
845 410 887 445 et
911 409 998 444 tres
1023 418 1160 458 usque
1183 406 1237 445 ad
1262 407 1470 459 angulum
1494 417 1617 459 terre,

83 472 263 522 scilicet,
287 473 342 513 ad
365 473 723 514 interseccionem
748 473 964 514 dictorum
984 473 1244 514 circulorum
1267 476 1348 516 sub
1371 483 1496 518 terra.
1561 479 1619 520 Et

83 542 140 583 ab
162 542 237 584 illo
258 549 422 595 puncto
439 549 539 583 sunt
557 543 640 584 alie
662 550 750 584 tres
773 543 931 584 domus
953 556 1091 596 usque
1112 545 1168 585 ad
1187 543 1346 585 lineam
1369 546 1620 588 occidentis.

86 612 258 653 Deinde
280 626 412 666 supra
434 613 664 654 horizonta
681 611 697 636 1
724 613 875 665 incipit
901 619 956 664 7¹²1
977 619 1021 653 et
1044 613 1268 666 sequimur
1291 616 1334 654 8³
1355 622 1398 656 et
1421 622 1464 668 9³
1486 630 1621 670 usque

83 681 141 722 ad
173 689 387 735 punctum
417 682 420 737 Ι
450 683 642 723 meridei.
721 682 894 722 Deinde
934 688 1003 721 10³
1035 689 1078 722 et
1115 689 1185 722 11a
1216 690 1259 724 et
1286 690 1356 725 12a
1385 699 1523 738 usque
1563 688 1618 728 ad
1642 703 1677 735 31
1699 705 1718 725 a
1738 704 1766 727 1.

84 751 311 792 orientem.
376 753 567 793 Primam
607 752 737 806 igitur
771 752 954 792 domum
997 752 1105 792 dant
1147 751 1349 803 Saturno,
1383 757 1619 797 secundam

83 820 194 874 Jovi,
217 828 261 862 et
287 821 348 863 sic
375 821 569 870 ulterius,
599 822 839 862 secundum
867 821 1065 861 ordinem
1100 821 1384 875 planetarum,
1407 825 1468 866 ita
1500 827 1618 879 quod

84 888 241 932 octava
276 891 434 932 iterum
469 891 599 931 datur
643 889 846 939 Saturno,
886 896 928 931 et
971 904 1087 931 nona
1132 891 1244 944 Jovi.
1309 893 1622 936 Considerave-

84 967 273 1014 runtque
322 974 474 1002 omnes
515 961 786 1002 concorditer
836 961 955 1013 quod
998 961 1156 1001 domus
1197 975 1314 1002 nona
1356 972 1421 1005 est
1465 966 1622 1006 domus

85 1029 306 1084 religionis
327 1036 371 1071 et
397 1030 510 1071 fidei.
587 1031 647 1071 Et
666 1030 953 1071 Ptholomeus
975 1037 1019 1072 et
1040 1029 1311 1072 Albumasar
1329 1039 1372 1073 et
1388 1033 1621 1076 Alrabicus

85 1105 129 1139 et
159 1099 408 1141 Mesahalat
437 1107 481 1141 et
506 1099 578 1141 alii
609 1113 764 1140 omnes
793 1101 1128 1153 assignaverunt
1154 1100 1271 1141 enim
1301 1101 1394 1142 istis
1417 1104 1620 1144 domibus

86 1169 378 1222 proprietates
406 1184 519 1219 suas,
543 1170 646 1224 quia
673 1170 814 1224 prima
845 1177 911 1211 est
944 1170 1103 1210 domus
1126 1170 1226 1220 vite,
1249 1173 1441 1212 secunda
1467 1174 1622 1214 domus

84 1239 345 1290 substancie,
369 1245 412 1280 et
433 1241 494 1281 sic
517 1240 572 1280 de
594 1240 761 1290 ceteris,
780 1239 913 1293 juxta
935 1253 1035 1280 suas
1057 1240 1351 1293 proprietates
1374 1248 1418 1281 et
1440 1242 1621 1295 disposi-

85 1309 229 1350 ciones
258 1309 488 1351 naturales.
553 1310 686 1351 Unde
717 1316 760 1361 9a
789 1310 963 1358 domus,
999 1315 1046 1349 ut
1078 1309 1241 1360 dicunt,
1273 1316 1339 1351 est
1377 1313 1622 1366 peregrina-

85 1379 260 1420 cionum
283 1386 415 1433 atque
445 1381 665 1429 itinerum,
683 1379 785 1420 fidei
809 1386 852 1420 et
875 1379 1053 1420 deitatis
1076 1385 1119 1419 et
1137 1378 1368 1433 religionis,
1392 1394 1442 1420 ac
1465 1383 1623 1423 domus

86 1448 171 1489 Dei
194 1448 374 1500 culture,
397 1450 627 1502 sapiencie,
651 1456 695 1491 et
725 1450 949 1498 librorum,
973 1448 1272 1502 epistolarum,
1293 1463 1343 1491 ac
1365 1450 1623 1504 legatorum,

85 1519 403 1570 narracionum‚
436 1533 674 1571 rumorum,
711 1526 754 1560 et
786 1519 1117 1572 sompniorum:
1151 1524 1195 1559 et
1236 1519 1336 1560 ideo
1369 1520 1536 1568 merito,
1574 1527 1622 1561 ut

76 1588 249 1638 dicunt,
272 1589 526 1630 attribuitur
545 1589 659 1643 Jovi,
681 1589 755 1643 qui
778 1589 911 1630 habet
933 1593 1181 1642 respectum
1209 1589 1265 1629 ad
1299 1589 1416 1630 bona
1445 1589 1622 1630 alterius

85 1658 186 1707 vite,
209 1659 312 1712 quia
344 1659 428 1701 illis
457 1660 586 1701 bonis
620 1659 836 1700 debentur
871 1657 979 1700 fides
1010 1665 1054 1699 et
1083 1658 1236 1713 religio
1269 1664 1312 1700 et
1339 1659 1508 1700 cultura
1539 1660 1622 1700 Dei

87 1733 132 1768 et
154 1729 452 1771 consideracio
483 1729 767 1784 sapiencialis,
790 1735 833 1770 et
860 1729 1069 1769 librorum
1092 1736 1136 1769 et
1162 1728 1447 1782 epistolarum
1480 1729 1623 1770 multi-

87 1799 208 1849 tudo,
231 1805 279 1840 ut
309 1805 434 1853 patet
457 1813 514 1840 ex
544 1799 638 1854 lege
667 1800 842 1848 divina3
875 1805 919 1839 et
949 1798 1205 1852 legatorum,
1232 1805 1278 1839 ut
1311 1799 1624 1853 prophetarum

87 1875 131 1908 et
167 1869 468 1922 apostolorum
507 1875 551 1910 et
587 1869 911 1924 predicatorum
946 1869 1087 1922 copia,
1123 1869 1394 1909 narrancium
1429 1881 1624 1910 rumores

87 1938 269 1980 idoneos
291 1939 347 1980 de
364 1939 584 1981 nobilibus
607 1939 938 1980 condicionibus
957 1937 1135 1979 alterius
1155 1938 1256 1986 vite,
1272 1945 1315 1979 et
1334 1937 1624 1979 revelaciones

87 2007 336 2062 frequentes
377 2009 637 2052 habencium
674 2010 717 2050 in
751 2009 949 2063 sompnis
987 2015 1030 2049 et
1064 2008 1205 2050 extasi
1248 2014 1290 2048 et
1331 2008 1529 2061 raptibus
1571 2008 1626 2049 de

87 2075 169 2118 hac
190 2078 292 2119 vita.

147 2146 315 2188 D1cunt
340 2148 472 2203 igitur
498 2147 698 2201 planetas
732 2147 939 2202 conjungi
973 2153 1016 2188 et
1051 2145 1284 2199 complecti
1312 2146 1393 2187 sibi
1424 2146 1625 2198 invicem,

88 2221 133 2256 et
154 2215 237 2259 hoc
259 2223 326 2259 est
348 2219 525 2271 quando
548 2218 708 2259 fuerint
731 2218 774 2258 in
806 2218 961 2258 eodem
985 2216 1123 2270 signo,
1146 2223 1189 2257 et
1218 2216 1424 2268 precipue
1446 2217 1625 2268 quando

89 2286 133 2326 in
151 2287 308 2328 eodem
327 2289 465 2341 gradu
489 2294 532 2328 et
555 2288 598 2328 in
627 2288 676 2327 16
702 2288 870 2329 minuto
894 2286 1007 2327 illius
1026 2286 1186 2339 gradus
1210 2292 1252 2326 et
1270 2284 1391 2326 infra.
1455 2284 1627 2327 Volunt

88 2355 219 2409 igitur
236 2356 486 2411 philosophi
508 2358 665 2410 Jovern
689 2372 747 2398 ex
774 2371 852 2398 sua
870 2355 1184 2409 conjunccione
1202 2369 1302 2395 cum
1325 2354 1419 2395 aliis
1437 2355 1626 2408 planetis

88 2428 259 2481 signare
291 2441 422 2480 super
455 2434 621 2468 sectam
657 2427 914 2481 religionum
950 2433 993 2466 et
1028 2424 1139 2465 fidei.
1217 2425 1276 2465 Et
1314 2425 1417 2478 quia
1457 2432 1559 2465 sunt
1601 2425 1625 2463 6

88 2495 265 2548 planete
286 2496 446 2548 quibus
471 2496 704 2551 complecti
735 2502 779 2537 et
805 2494 1013 2549 conjungi
1041 2500 1200 2548 potest,
1228 2494 1327 2535 ideo
1362 2494 1515 2534 asserit
1546 2507 1627 2534 sex

89 2565 179 2606 fore
200 2566 361 2607 debere
384 2566 427 2606 in
450 2566 615 2607 mundo
629 2572 771 2607 sectas
793 2564 1064 2618 principales.
1122 2563 1255 2604 Unde
1278 2563 1405 2616 periti
1427 2569 1627 2603 auctores

89 2634 274 2688 predicti
295 2642 338 2676 et
360 2635 435 2676 alii
461 2635 623 2685 dicunt,
646 2636 681 2676 si
703 2635 875 2688 Jupiter
904 2633 1225 2686 complectatur
1254 2633 1459 2682 Saturno,
1482 2633 1627 2686 signat

90 2703 223 2745 libros
257 2704 438 2755 divinos,
460 2711 504 2745 et
530 2704 675 2759 signat
703 2705 757 2745 de
786 2703 915 2744 sectis
944 2703 1188 2756 Judaicam‚
1213 2703 1315 2756 quia
1346 2709 1413 2744 est
1439 2702 1628 2754 antiqior

90 2773 186 2814 aliis
209 2780 252 2815 et
275 2774 402 2827 prior,
423 2774 535 2815 sicut
569 2774 783 2816 Saturnus
815 2780 941 2826 pater
973 2772 1246 2826 planetarum
1270 2779 1313 2813 et
1347 2773 1560 2813 remocior
1583 2778 1625 2811 et

715 2865 724 2882 ¹
752 2864 823 2896 MS.
843 2869 999 2895 oruonta.
