1904 3171
138 321 263 353 32:11.

1034 116 1086 166 48

285 233 534 287 Mercuri03
568 234 629 276 ita
653 233 772 288 quod
797 233 980 288 quilibet
1004 240 1028 284 5
1054 232 1331 285 planetarum
1360 230 1522 272 habeat
1545 230 1655 271 duas
1677 230 1834 271 domos

283 305 318 346 si
359 304 437 347 Sol
481 312 525 347 et
564 306 693 346 Luna
723 303 727 361 Ι
756 304 925 346 nonnisi
969 303 1177 357 singulas.
1241 302 1310 343 Ita
1351 302 1547 342 decrevit
1593 300 1835 354 antiquitas

283 375 546 430 sapientum.
612 374 931 417 Exaltaciones
972 387 1076 414 vero
1119 379 1219 414 sunt
1262 372 1355 413 hee.
1410 371 1489 413 Sol
1527 371 1753 412 exaltatur
1790 371 1834 411 in

284 445 450 495 Ariete,
477 447 605 487 Luna
634 446 678 486 in
701 446 864 494 Tauro,
887 443 1105 485 Saturnus
1136 443 1179 483 in
1209 442 1354 492 Libra,
1375 442 1550 495 Jupiter
1577 441 1619 482 in
1651 440 1837 492 Canem,

285 516 406 557 Mars
432 516 474 556 in
499 515 784 569 Capricorno,
806 514 960 555 Venus
991 514 1034 553 in
1066 513 1275 563 Piscibus,
1299 512 1542 553 Mercurius
1562 512 1615 552 ‘in
1638 511 1836 565 Virgine.

286 587 346 627 Et
369 588 431 628 sic
454 586 534 627 Sol
557 586 781 627 exaltatur
803 585 846 625 in
868 584 1040 633 Ariete,
1064 583 1125 624 sic
1152 582 1246 636 ejus
1274 582 1501 624 descensio
1528 588 1594 623 est
1618 582 1660 622 in
1685 581 1835 631 Libra,

285 663 327 698 et
370 657 433 698 sic
475 657 531 697 de
572 655 776 710 reliquis3
829 661 872 696 et
919 654 1120 695 similiter
1165 652 1388 706 depressio
1433 652 1639 693 Mercurii
1684 659 1750 694 est
1793 651 1836 692 in

285 726 498 776 Piscibus,
520 731 564 766 et
595 726 697 766 ideo
726 724 949 766 exaltacio
981 723 1186 764 Mercurii
1218 728 1286 764 est
1314 722 1577 777 ianirgine,
1599 722 1713 764 sicut
1742 720 1836 775 ejus

285 797 457 848 domus,
480 802 524 837 et
553 801 620 836 est
642 795 722 837 hec
750 794 972 836 exaltacio
1002 794 1045 834 in
1072 803 1121 848 15
1149 794 1292 847 gradu
1314 793 1520 846 Virginis.
1582 792 1837 846 Triplicitas

285 866 464 920 planete
500 866 668 915 dicitur,
692 879 793 907 cum
830 865 887 907 sit
919 865 960 905 in
996 865 1124 918 signo
1157 865 1200 905 in
1238 877 1325 917 quo
1366 870 1538 905 creatus
1575 869 1653 914 est,
1684 861 1755 904 vel
1793 863 1837 902 in

286 937 436 990 aliquo
466 936 667 990 ejusdem
700 943 854 978 nature
884 948 984 976 cum
1013 935 1141 989 signo
1172 935 1215 975 in
1243 948 1333 988 quo
1362 940 1532 976 creatus
1561 939 1639 974 est.
1704 932 1837 975 Unde

285 1008 528 1058 sciendum,
550 1007 668 1061 quod
698 1019 727 1057 4
755 1012 856 1048 sunt
885 1005 1177 1059 triplicitates.
1241 1005 1343 1047 Una
1375 1010 1440 1045 est
1465 1003 1607 1045 calida
1637 1009 1682 1045 et
1711 1003 1837 1054 sicca,

286 1091 372 1130 que
403 1076 601 1118 continet
629 1076 712 1117 tria
741 1077 867 1130 signa
896 1074 1038 1117 calida
1068 1081 1111 1116 et
1138 1071 1262 1121 sicca,
1286 1073 1534 1127 cujusmodi
1563 1078 1667 1113 sunt
1691 1072 1837 1123 Aries,

289 1147 394 1198 Leo,
419 1145 695 1201 Sagittarius.
760 1146 894 1188 Unde
921 1159 1020 1187 cum
1045 1152 1112 1187 est
1136 1144 1212 1186 Sol
1238 1145 1281 1186 in
1303 1144 1453 1197 aliquo
1480 1135 1836 1192 istorum'trium,

286 1217 447 1258 dicitur
468 1231 562 1258 esse
585 1217 628 1258 in
650 1231 728 1258 sua
750 1216 1018 1271 triplicitate.
1082 1215 1142 1257 Et
1165 1214 1251 1256 alia
1277 1221 1344 1256 est
1367 1213 1602 1268 triplicitas
1627 1213 1837 1260 secunda,

285 1301 342 1328 ex
367 1288 530 1339 Tauro,
552 1287 751 1342 Virgine,
774 1293 818 1328 et
842 1287 1129 1341 Capricorno,
1152 1292 1195 1327 et
1221 1285 1303 1326 hec
1332 1292 1398 1326 est
1428 1284 1587 1339 frigida
1618 1289 1663 1325 et
1691 1284 1806 1324 sicca
1827 1297 1836 1334 ;

286 1364 330 1399 et
358 1358 614 1408 Mercurius,
636 1358 816 1412 quando
846 1357 979 1399 estin
1008 1357 1159 1410 aliquo
1190 1357 1388 1407 istorum,
1411 1361 1477 1397 est
1507 1355 1550 1396 in
1580 1355 1836 1409 triplicitate

285 1443 376 1470 sua.
439 1428 556 1482 Quia
585 1427 688 1470 licet
718 1428 888 1469 domini
918 1427 1042 1468 istius
1074 1426 1344 1481 triplicitatis
1374 1427 1419 1467 in
1448 1425 1518 1467 die
1547 1425 1662 1480 si[n]t
1690 1424 1834 1480 primo

285 1499 450 1548 Venus,
470 1499 630 1540 deinde
655 1498 793 1548 Luna,
816 1504 860 1539 et
882 1498 924 1538 in
949 1503 1077 1538 nocte
1100 1498 1243 1551 primo
1268 1497 1407 1545 Luna,
1430 1502 1585 1550 postea
1602 1495 1767 1545 Venus,
1789 1500 1834 1536 et

286 1583 436 1610 eorum
461 1569 682 1623 particeps
708 1568 750 1608 in
779 1574 908 1609 nocte
932 1574 975 1608 et
1005 1567 1048 1607 in
1074 1568 1146 1609 die
1169 1568 1223 1608 sit
1255 1567 1391 1617 Mars,
1414 1574 1562 1608 tamen
1594 1565 1834 1607 Mercurius

286 1639 577 1694 participatur
614 1639 674 1679 eis
713 1639 756 1679 in
793 1638 978 1691 Virgine
1014 1637 1198 1692 proprie,
1231 1643 1279 1678 ut
1316 1637 1467 1678 dicunt
1504 1636 1758 1686 astronomi,
1791 1641 1835 1676 et

288 1710 389 1751 ideo
431 1709 730 1763 triplicitatem
778 1708 913 1749 habet
956 1708 999 1748 in
1042 1707 1227 1762 Virgine
1269 1708 1380 1749 sicut
1423 1706 1748 1748 exaltacionem
1791 1711 1836 1747 et

286 1782 484 1822 domum.
547 1779 705 1820 Tereia
742 1778 971 1832 triplicitas
1005 1784 1071 1819 est
1105 1792 1163 1818 ex
1200 1777 1407 1825 Geminis,
1441 1777 1586 1828 Libra,
1621 1776 1835 1830 Aquario,

286 1865 371 1904 que
394 1857 460 1892 est
483 1849 624 1892 calida
647 1855 690 1890 et
712 1849 922 1899 humida;
956 1855 999 1889 et
1022 1854 1179 1902 quarta
1206 1854 1271 1890 est
1294 1862 1351 1888 ex
1377 1847 1560 1897 Cancro,
1579 1846 1834 1901 Scorpione,

286 1928 330 1962 et
354 1921 489 1972 Pisce,
511 1934 597 1974 que
619 1927 685 1961 est
708 1919 868 1973 frigida
890 1925 933 1960 et
955 1919 1150 1959 humida.

347 1991 626 2032 Famosiores
648 1996 799 2031 autem
818 1989 992 2031 termini
1011 1995 1113 2029 sunt
1139 1989 1422 2043 Egiptiorum
1440 1987 1467 2028 1.
1510 1987 1680 2041 Jubiter
1697 1986 1834 2028 habet

286 2075 366 2102 sex
400 2061 566 2114 primos
598 2061 761 2114 gradus
794 2059 976 2105 Arietis,
999 2059 1150 2100 Venus
1181 2059 1205 2097 6
1235 2064 1481 2111 sequenteS,
1513 2064 1558 2099 et
1591 2057 1834 2099 Mercurius

289 2130 326 2179 8,
350 2131 472 2173 Mars
495 2140 534 2184 5,
560 2131 777 2173 Saturnus
799 2138 839 2182 5,
859 2130 1011 2171 Venus
1033 2129 1178 2171 adhuc
1197 2127 1220 2167 8
1241 2129 1406 2183 primos
1424 2129 1572 2176 Tauri,
1590 2127 1835 2169 Mercurius

287 2202 311 2240 6
343 2209 588 2256 sequentes.
652 2201 711 2242 Et
743 2202 816 2251 sic,
852 2201 960 2241 mira
993 2200 1261 2251 diversitate,
1287 2199 1510 2240 variantur
1542 2198 1612 2240 isti
1645 2197 1838 2248 termini,

287 2277 335 2312 ut
377 2277 501 2324 patet
547 2271 590 2311 in
632 2270 783 2311 tabula
825 2269 1131 2320 terminorum,
1166 2270 1226 2310 ita
1262 2269 1382 2323 quod
1422 2258 1664 2309 Mercurius
1698 2267 1836 2309 habet

290 2352 311 2393 7
340 2340 505 2394 primos
537 2341 701 2394 gradus
729 2340 924 2394 Virginis
957 2353 1039 2392 pro
1072 2329 1274 2390 termino,
1298 2353 1385 2379 non
1415 2337 1559 2380 solum
1591 2337 1833 2380 secundum

289 2410 509 2464 Egiptios‚
550 2417 617 2451 set
663 2412 905 2452 secundum
950 2410 1272 2451 Ptholemeum.
1351 2409 1411 2450 Et
1460 2408 1545 2450 hoc
1595 2413 1661 2449 est
1708 2406 1835 2461 quod

288 2493 403 2522 nunc
453 2480 686 2533 querimus.
772 2481 924 2522 Facies
974 2487 1123 2521 autem
1174 2480 1400 2533 signorum
1441 2478 1714 2532 accipiuntur
1755 2490 1834 2532 per

286 2549 547 2590 divisionem
571 2549 801 2602 cujuslibet
824 2550 938 2603 signi
968 2550 1011 2590 in
1040 2556 1128 2591 tres
1159 2557 1305 2604 partes
1334 2548 1538 2602 equales:
1571 2554 1832 2601 et,unaque-

286 2633 373 2672 que
411 2626 583 2660 constat
615 2634 673 2660 ex
708 2621 860 2661 decem
897 2620 1120 2674 gradibuS,
1153 2633 1238 2673 que
1274 2625 1457 2660 vocatur
1489 2618 1631 2669 facies,
1664 2624 1707 2658 et
1745 2617 1833 2659 alio

288 2689 424 2730 modo
460 2689 643 2739 decani;
687 2703 872 2743 quarum
909 2690 1116 2732 facierum
1151 2689 1327 2730 inicium
1362 2695 1428 2730 est
1461 2702 1486 2729 a
1518 2689 1658 2742 primo
1692 2688 1830 2742 gradu

286 2758 466 2809 Arietis,
504 2765 548 2801 et
589 2759 849 2800 terminatur
884 2759 925 2800 in
963 2759 1137 2800 decimo
1173 2759 1311 2812 gradu
1350 2758 1560 2811 ejusdem,
1596 2763 1639 2798 et
1674 2758 1832 2800 dicitur

649 2844 659 2861 ¹
686 2845 723 2875 In
742 2845 871 2884 margin
890 2845 940 2876 De
959 2844 1113 2876 terminis
1131 2844 1163 2875 in
1183 2855 1200 2876 a
1218 2844 1306 2875 later
1320 2844 1419 2875 hand.
