1904 3171
152 1702 278 1744 25b2.

1044 104 1093 144 16

292 218 672 261 ‘inobedientibus
719 219 1054 273 promissionem
1101 218 1366 273 terribilem,’
1401 219 1514 262 sicut
1556 219 1674 262 idem
1718 219 1839 261 dicit.

296 289 356 330 Et
377 289 551 331 Tullius
580 296 624 331 et
646 289 954 344 Trimegistius
982 296 1027 331 et
1054 288 1260 331 Socrates
1290 297 1335 332 et
1356 290 1483 332 multi
1506 290 1580 333 alii
1602 289 1843 344 loquuntur

292 372 501 413 expresse
532 360 587 400 de
618 359 685 400 his
717 360 1096 413 promissionibus.
1160 359 1295 401 Unde
1317 360 1490 402 Tullius
1510 361 1583 411 ait,
1610 361 1754 415 primo
1775 359 1846 400 De

297 429 600 480 Quescz‘onz'bus
619 429 875 471 Tusculanis
889 427 927 469 1:
951 432 962 450 ‘
977 429 1088 471 duas
1108 429 1199 471 vias
1221 429 1506 486 duplicesque
1529 445 1678 473 cursus
1699 430 1842 472 homi-

293 513 422 540 num:
469 499 544 553 qui
586 506 736 541 autem
779 500 973 553 integros
1015 506 1250 554 castosque
1291 508 1562 552 servassents
1593 502 1844 556 quibusque
1903 514 1904 519 ¹

295 568 448 611 fuisset
471 570 652 610 minima
681 583 783 610 cum
812 570 1073 623 corporibus
1101 570 1323 624 contagio,
1345 577 1491 612 essent
1514 572 1558 613 in
1583 571 1844 626 corporibus

295 639 500 680 humanis
525 640 659 680 vitam
693 638 884 680 mutari2
916 639 1122 689 divinam,
1145 639 1213 680 his
1244 640 1301 680 ad
1333 639 1457 682 illum
1488 641 1544 682 de
1574 655 1664 696 quo
1695 647 1843 683 essent

295 708 492 763 profecti,
534 709 713 760 scilicet,
755 709 812 750 ad
858 710 1020 758 Deum,
1065 709 1256 751 reditum
1298 709 1470 751 facilem
1512 710 1690 766 patere.’
1754 711 1843 766 Qui

296 786 445 821 autem
475 794 522 821 se
547 779 753 821 humanis
776 780 898 820 viciis
928 779 1319 831 contaminassent,
1340 780 1406 821 his
1433 781 1614 822 demum
1646 781 1843 835 quodam

298 849 630 890 interseclusum
661 863 686 891 a
719 849 901 891 consilio
925 849 1022 891 Dei.
1086 850 1146 890 Et
1171 850 1362 891 Hermes
1386 850 1632 892 Mercurius
1659 851 1704 892 in
1730 850 1844 893 libro

295 918 364 960 De
395 919 567 960 Divina
599 919 783 961 Natura
813 920 874 962 sic
910 919 1026 961 ait3:
1075 919 1216 961 ‘Cum
1249 920 1380 961 fuerit
1415 920 1564 961 anime
1600 934 1626 961 a
1663 934 1846 976 corpore

296 989 412 1030 facta
439 989 662 1039 discessio,
686 995 790 1031 tunc
818 990 988 1032 arbitrii
1017 1004 1297 1045 examenque
1327 991 1470 1032 meriti
1499 990 1592 1044 ejus
1621 991 1780 1033 transit
1801 991 1846 1032 in

296 1073 514 1102 summam
535 1066 819 1114 potestatem,
834 1074 920 1115 que
942 1074 1040 1102 earn
1058 1075 1160 1103 cura
1182 1061 1301 1116 piam
1316 1061 1571 1115 justamque
1590 1061 1846 1116 providerit,

296 1129 340 1170 in
381 1130 465 1171 sibi
507 1131 863 1184 competentibus
905 1131 1012 1173 locis
1055 1145 1232 1173 manere
1275 1131 1505 1185 permittit.
1575 1129 1846 1174 Sin‘autem

301 1200 561 1242 delictorum
585 1201 646 1242 illi
674 1208 766 1243 tam
799 1201 984 1242 maculis
1014 1202 1225 1255 viciisque
1253 1201 1437 1243 oblitam
1465 1202 1635 1254 viderit,
1658 1203 1847 1257 desuper

297 1271 352 1311 ad
385 1271 472 1312 ima
503 1272 742 1313 deturbans
773 1271 908 1313 tradit
940 1272 1101 1314 eternis
1133 1272 1257 1326 penis
1292 1272 1564 1327 agitandam,
1598 1279 1645 1314 ut
1682 1273 1725 1314 in
1761 1273 1846 1314 hoc

296 1341 431 1382 animi
474 1341 590 1383 obsit
630 1341 839 1383 eternitas
882 1342 1001 1396 quod
1044 1342 1100 1383 sit
1141 1341 1381 1384 immortali
1429 1343 1653 1384 sentencia
1694 1350 1847 1385 eterno

299 1412 516 1465 supplicio
570 1411 814 1465 subjugata.
879 1413 1001 1467 Ergo
1054 1426 1108 1454 ne
1158 1412 1226 1453 his
1278 1411 1556 1466 implicemur
1604 1415 1844 1455 verendum

299 1483 557 1531 timendum,
599 1484 932 1537 cavendumque
975 1497 1069 1524 esse
1107 1497 1336 1538 cognosce.
1401 1483 1687 1526 Incredibiles
1730 1485 1845 1526 enim

301 1559 403 1607 post
440 1553 601 1595 delicta
639 1560 851 1608 cogentur
887 1554 1065 1595 credere
1103 1567 1190 1595 non
1225 1553 1369 1595 verbis
1404 1561 1472 1596 set
1504 1554 1735 1609 exemplis,
1767 1568 1848 1598 nec

303 1623 431 1665 minis
462 1630 527 1665 set
561 1624 656 1678 ipsa
687 1624 893 1679 passione
923 1622 1163 1680 penarum.'
1229 1625 1288 1665 Et
1316 1624 1502 1666 Ethicus
1536 1630 1580 1665 et
1610 1624 1848 1667 Alchimus

304 1694 348 1734 in
372 1693 491 1735 libris
514 1695 602 1735 suis
631 1691 639 1752 J
664 1693 848 1736 dicunt*
872 1696 991 1748 quod
1017 1694 1120 1736 mali
1144 1694 1311 1749 passuri
1340 1701 1440 1736 sunt
1474 1695 1516 1736 in
1547 1695 1714 1737 inferno
1745 1710 1847 1737 cum

305 1764 524 1818 dyabolo‚'
548 1767 619 1806 ‘ut
656 1772 836 1807 cernant
869 1765 989 1819 impii
1022 1765 1439 1806 truculentissimum
1479 1779 1529 1807 ac
1561 1766 1847 1808 furibundum

305 1835 458 1877 mortis
490 1841 725 1886 auctorem,
759 1849 890 1889 quem
928 1835 1063 1876 secuti
1096 1835 1270 1876 fuerunt
1303 1835 1347 1876 in
1383 1835 1601 1879 desideria
1634 1836 1773 1878 multa
1804 1842 1848 1878 et

301 1905 473 1946 inutilia
506 1911 550 1946 et
584 1904 761 1947 nociva.’
835 1905 922 1946 ‘Et
954 1904 1061 1959 justi
1100 1906 1386 1946 merebuntur
1418 1906 1567 1947 videre
1601 1905 1847 1947 Dominum

304 1975 451 2017 Deum
475 1989 602 2016 suum
628 1974 851 2017 Christum
875 1989 1113 2030 regemque
1135 1973 1288 2025 suum,’
1311 1983 1358 2017 ut
1382 1976 1499 2029 prius
1516 1976 1684 2018 dictum
1708 1983 1788 2018 est.

363 2045 442 2088 Set
479 2060 534 2086 an
568 2046 629 2086 sic
667 2047 723 2087 de
755 2047 1046 2100 promissione
1083 2052 1232 2087 eterna
1270 2052 1508 2100 potuerunt
1545 2048 1848 2101 cognicionem

305 2115 469 2157 habere
505 2123 554 2158 ut
588 2117 696 2166 dixi,
737 2123 781 2157 et
824 2117 867 2157 in
910 2116 1158 2165 universali,
1201 2122 1418 2170 quantum
1465 2117 1520 2158 ad
1564 2118 1848 2171 quescionem

309 2186 415 2238 quid
449 2186 530 2227 hec
562 2187 648 2228 sint
684 2193 727 2228 et
759 2201 847 2240 que
879 2192 923 2228 et
954 2185 1113 2240 qualia.
1194 2186 1298 2228 Non
1335 2193 1486 2228 tamen
1519 2187 1563 2228 in
1596 2187 1849 2241 particulari

308 2262 352 2296 et
372 2256 548 2310 propria
569 2257 828 2310 disciplina3
859 2262 903 2297 et
925 2256 1008 2298 hoc
1032 2256 1238 2311 precipue
1267 2263 1448 2312 propter
1479 2253 1662 2311 peccata
1688 2259 1848 2300 obum-

304 2326 482 2366 brancia
514 2327 815 2380 cognicionem
848 2326 1095 2368 naturalem
1129 2327 1183 2367 de
1216 2325 1317 2368 Deo
1350 2333 1392 2368 et
1425 2326 1636 2369 felicitate
1667 2333 1711 2369 et
1751 2327 1849 2370 aliis

303 2395 360 2436 ad
416 2395 501 2436 hoc
551 2396 880 2449 pertinentibus
938 2402 982 2437 et
1043 2404 1225 2452 propter
1276 2398 1472 2452 corporis
1526 2398 1849 2452 contagionem.

306 2465 402 2506 Hec
438 2465 552 2505 enim
588 2465 838 2520 philosophi
876 2467 982 2507 satis
1019 2467 1272 2518 ostendunt,
1303 2474 1347 2509 et
1381 2468 1589 2522 precipue
1622 2467 1849 2509 Avicenna

305 2535 348 2575 in
371 2534 610 2575 Radicibzts
630 2535 827 2577 Illoralis
848 2535 1135 2589 Philosophie,
1160 2537 1233 2578 ubi
1265 2543 1367 2592 post
1398 2537 1536 2578 multa
1566 2537 1790 2588 concludit
1806 2536 1848 2578 ⁵:

303 2605 493 2645 ‘Nostra
526 2604 659 2658 igitur
689 2605 926 2659 disposicio
959 2619 1062 2659 erga
1095 2605 1169 2647 illa
1201 2612 1278 2657 est,
1310 2607 1422 2649 sicut
1460 2607 1697 2662 disposicio
1728 2606 1847 2648 surdi

304 2675 379 2728 qui
411 2688 636 2727 nunquam
670 2675 838 2717 audivit
870 2675 912 2715 in
946 2689 1025 2716 sua
1056 2675 1310 2730 privacione
1336 2677 1624 2731 ymaginandi
1655 2676 1846 2718 delecta-

350 2769 361 2787 1
392 2769 488 2801 Tusc.
506 2769 602 2811 Disp.
622 2771 642 2803 i.
663 2781 715 2811 3ο.
850 2769 862 2787 ²
887 2771 1006 2802 imitati
1018 2772 1116 2804 Text.
1255 2773 1266 2791 ³
1292 2773 1341 2805 Cf.
1360 2773 1411 2805 De
1428 2773 1497 2805 civ.
1515 2773 1588 2814 Dei,
1604 2773 1672 2806 viii.
1690 2782 1741 2814 23.
1762 2783 1814 2812 24.

347 2821 357 2838 ⁴
382 2821 437 2854 lib.
456 2823 509 2854 cit.
531 2833 562 2862 p.
579 2824 609 2854 6.
845 2822 857 2840 ⁵
881 2824 958 2855 Met.
977 2828 999 2854 t.
1015 2824 1062 2856 ix.
1079 2835 1105 2856 c.
1128 2835 1157 2864 7.
