1904 3171
165 1449 290 1483 29a2.

1058 142 1110 181 34

307 245 452 287 anime
467 245 677 296 bestialis,
690 244 808 286 nulla
822 244 1089 286 discrecione
1103 244 1347 299 prehabita.
1391 245 1451 286 Et
1466 244 1567 286 ideo
1582 258 1740 299 corpus
1755 257 1849 286 cor-

308 314 1850 370 rumptibileletabitur,etcontristabiturincorrumptibilisintellectus.

310 384 508 427 Conatus
530 385 661 440 igitur
677 385 919 440 voluptatis
941 391 1120 438 generat
1135 384 1355 426 carnalem
1373 398 1582 426 amorem.
1648 383 1852 426 Carnalis

307 462 454 497 autem
473 468 598 497 amor
612 461 791 508 generat
806 454 1055 506 avariciam,
1066 453 1254 495 avaricia
1268 460 1449 507 generat
1462 454 1726 496 desiderium
1742 454 1853 495 divi-

306 526 494 576 ciarum3
520 525 789 565 desiderium
806 524 1064 565 diviciarum
1081 529 1262 577 generat
1280 520 1657 575 inverecondiam3
1685 524 1853 575 invere-

306 595 465 636 condia
500 594 898 648 presumpcionem,
931 593 1211 648 presumpcio
1249 593 1584 636 infidelitatem.’
1659 594 1720 635 Et
1753 607 1854 635 cum

307 665 475 719 duplex
492 665 546 706 sit
564 665 722 705 modus
739 663 997 717 voluptatis,
1016 677 1126 704 unus
1145 663 1189 704 in
1207 663 1400 714 libidine,
1419 664 1530 704 alius
1549 664 1592 705 in
1611 663 1792 718 crapula
1809 669 1854 704 et

306 735 529 787 ebrietate,
550 734 694 788 querit
714 733 887 775 Tullius
909 734 952 774 in
974 737 1020 786 5⁰
1041 733 1111 774 De
1138 733 1442 785 Quescionz‘bus
1459 732 1498 775 ¹:
1533 733 1690 774 ‘Illum
1720 747 1853 788 quem

306 803 557 845 libidinibus
587 803 914 845 inflammatum
945 810 988 845 et
1013 804 1230 845 furentem
1258 803 1474 854 videmus,
1497 804 1647 845 omnia
1676 801 1853 845 rabide2

308 879 592 928 appetentem
609 888 709 915 cum
729 873 1028 928 inexplicabili
1046 874 1289 928 cupiditate
1307 872 1585 915 affluenciam
1601 873 1854 927 voluptates

305 944 499 998 undique
540 944 715 986 hauriat
756 958 809 985 eo
842 944 1018 997 gravius
1060 945 1378 998 ardenciusque
1423 944 1665 996 sicientem,
1709 957 1854 985 nonne

306 1014 482 1055 racione
505 1014 799 1055 miserrimum
822 1014 986 1055 dixeris
1001 1013 1041 1054 ?'
1105 1014 1165 1056 Et
1185 1013 1356 1055 Seneca
1377 1014 1484 1055 dicit
1507 1014 1550 1055 in
1573 1018 1618 1068 7⁰
1635 1013 1702 1054 De
1717 1014 1852 1056 Bene-

296 1083 419 1139 ficiis
435 1083 474 1124 3:
509 1083 631 1124 ‘Hec
655 1084 862 1138 voluptas
890 1084 1054 1139 fragilis
1078 1091 1156 1131 est,
1180 1083 1323 1124 brevis
1346 1083 1525 1125 fastidio
1556 1083 1735 1137 objecta
1763 1098 1854 1138 quo

306 1154 476 1196 avidius
494 1154 654 1196 hausta
671 1160 750 1205 est,
766 1155 899 1196 cicius
912 1153 929 1177 4
946 1155 988 1195 in
1007 1154 1275 1196 contrarium
1299 1153 1503 1202 residens,
1522 1153 1647 1207 cujus
1669 1154 1854 1206 subinde

307 1238 486 1266 necesse
507 1231 573 1266 est
595 1231 671 1265 aut
694 1225 888 1278 peniteat
910 1231 988 1266 aut
1014 1224 1192 1278 pudeat,
1215 1224 1259 1265 in
1282 1238 1370 1278 qua
1399 1223 1531 1265 nichil
1561 1223 1852 1278 magnificum

309 1302 386 1337 aut
418 1295 537 1349 quod
569 1301 772 1336 naturam
804 1294 994 1336 hominis
1022 1295 1121 1336 Deo
1152 1294 1347 1349 proximi
1380 1294 1550 1342 deceat,
1573 1307 1642 1335 res
1674 1294 1853 1336 humilis

310 1366 607 1407 membrorum
621 1365 817 1418 turpium
834 1365 957 1406 exitu
976 1363 1099 1406 feda!
1163 1365 1224 1406 Et
1242 1363 1412 1406 Seneca
1430 1364 1474 1404 in
1490 1364 1604 1405 libro
1620 1363 1852 1406 Declama-

305 1436 474 1476 cz'ommz
508 1435 703 1476 secundo
734 1434 855 1486 dicit,
888 1432 1203 1491 ‘Adollescens
1237 1434 1489 1476 luxuriosus
1522 1441 1688 1487 peccat,
1711 1447 1852 1476 senex

305 1504 557 1546 luxuriosus
605 1502 797 1546 insanit!
861 1505 922 1545 Et
965 1503 1120 1546 Cicero
1161 1508 1207 1554 4⁰
1238 1503 1308 1545 De
1357 1503 1694 1555 Quescz'om'bzts5
1736 1504 1851 1546 hunc

306 1574 592 1616 libidinosum
625 1588 774 1616 curare
803 1574 981 1624 docens,
1003 1575 1198 1616 ostendit
1225 1575 1346 1615 istius
1368 1574 1611 1627 voluptatis
1634 1574 1850 1617 vilitatem

308 1645 390 1686 sub
414 1645 497 1685 hiis
521 1644 664 1685 verbis
684 1661 692 1686 :
727 1643 827 1686 ‘Sic
854 1645 985 1698 igitur
1011 1643 1172 1686 affecto
1194 1644 1277 1686 hoc
1304 1644 1558 1686 adhibenda
1580 1645 1755 1686 curacio
1784 1652 1850 1687 est

306 1721 354 1756 ut
371 1716 631 1756 ostendatur
645 1728 779 1768 quam
796 1714 901 1765 leve,
920 1728 1052 1768 quarn
1070 1716 1458 1765 contemnendum,
1469 1728 1603 1768 quam
1623 1714 1772 1756 nichili
1791 1715 1848 1756 sit

307 1785 502 1835 omnino,
516 1798 650 1838 quam
669 1783 796 1826 facile
810 1784 877 1825 vel
894 1784 1072 1826 aliunde
1085 1783 1154 1825 vel
1170 1783 1256 1826 alio
1272 1785 1405 1826 modo
1420 1783 1570 1838 perfici
1586 1785 1655 1826 vel
1671 1785 1851 1826 omnino

308 1853 470 1907 negligi
492 1853 643 1906 possit.
707 1853 1012 1895 Abducendus
1027 1853 1042 1877 ⁶
1061 1860 1127 1895 est
1150 1854 1267 1895 enim
1291 1854 1430 1895 eciam
1453 1867 1772 1908 nonnunquam
1793 1854 1850 1895 ad

308 1923 393 1964 alia
408 1923 565 1974 studia,
579 1922 904 1974 sollicitudines,
914 1937 1052 1976 curas,
1062 1924 1267 1978 negocia3
1286 1923 1367 1965 loci
1384 1924 1574 1977 denique
1590 1923 1851 1974 mutacione,

309 1999 521 2046 tanquam
553 1994 692 2046 egroti
724 2007 810 2035 non
843 1993 1213 2044 convalescentes,
1245 1994 1464 2034 curandus
1496 1999 1573 2034 est.
1650 1993 1852 2051 Maxirrre

308 2070 384 2103 aut
419 2063 518 2103 inde
561 2063 867 2104 admovendus
904 2070 1096 2116 quantus
1130 2063 1185 2105 sit
1228 2063 1348 2104 furor
1388 2063 1563 2104 amoris.
1628 2062 1851 2105 Omnibus

307 2133 420 2173 enim
436 2146 493 2173 ex
511 2133 643 2174 animi
659 2133 1066 2186 perturbacionibus
1082 2139 1148 2174 est
1163 2133 1381 2186 perfeccio
1398 2133 1517 2175 nulla
1531 2132 1850 2183 vehemencior,

308 2209 355 2243 ut
384 2202 418 2243 si
443 2202 533 2255 jam
564 2202 658 2256 ipsa
688 2216 894 2244 accusare
928 2203 1050 2252 nolis,
1073 2209 1224 2256 stupra
1246 2204 1344 2245 dico
1367 2210 1410 2245 et
1427 2203 1663 2255 adulteria,
1685 2203 1851 2245 incesta

307 2271 496 2324 denique
527 2285 714 2324 quorum
748 2272 946 2314 omnium
979 2266 1237 2314 accusabilis
1275 2279 1342 2314 est
1386 2273 1648 2327 turpitudo;
1695 2279 1763 2314 set
1799 2279 1848 2315 ut

309 2340 388 2380 hec
417 2341 610 2392 omittas,
634 2342 911 2395 perturbacio
942 2342 1036 2396 ipsa
1059 2343 1227 2384 mentis·
1242 2343 1285 2383 in
1306 2356 1459 2384 amore
1481 2342 1581 2384 feda
1603 2356 1681 2396 per
1702 2356 1748 2384 se
1770 2348 1850 2385 est.

312 2409 429 2449 Nam
464 2416 511 2450 ut
542 2410 623 2452 hec
656 2418 901 2465 preteream
935 2426 1022 2466 que
1055 2419 1158 2454 sunt
1196 2412 1364 2460 furoris,
1397 2426 1483 2466 que
1517 2412 1719 2454 videntur
1755 2425 1851 2453 esse

310 2479 558 2530 mediocria,
592 2479 757 2533 injurie,
788 2482 1070 2535 suspiciones,
1094 2482 1335 2533 inimicicie,
1357 2482 1532 2534 bellum,
1555 2496 1646 2536 pax
1678 2495 1849 2524 rursum

309 2548 499 2599 incerta‚'
536 2563 622 2603 que
664 2551 813 2591 omnia
855 2558 1184 2606 consequuntur
1226 2552 1494 2594 libidinosos.
1560 2552 1659 2594 Hec
1699 2552 1759 2593 sic
1800 2558 1849 2593 ut

309 2618 534 2671 ‘postulas
565 2620 740 2661 racione
768 2627 888 2662 certa
919 2621 1071 2672 facere,
1095 2621 1257 2663 nichilo
1287 2622 1385 2675 plus
1411 2636 1529 2676 agas,
1551 2631 1685 2675 quam
1711 2622 1746 2663 si
1770 2621 1849 2663 des

439 2740 450 2758 ¹
479 2740 571 2772 thsc.
594 2740 689 2782 Dz'sp.
710 2752 741 2773 v.
760 2743 791 2774 6.
971 2742 983 2760 ²
1000 2743 1072 2774 MS.
1093 2743 1220 2783 rapide.
1412 2744 1424 2762 3
1445 2742 1497 2774 De
1512 2743 1594 2776 Bcn.
1610 2743 1666 2774 vii.
1685 2754 1716 2775 2.

437 2793 448 2811 ⁴
472 2794 555 2824 This
571 2795 670 2824 word
687 2804 799 2825 seems
818 2799 851 2825 to
869 2795 957 2826 have
975 2796 1060 2826 been
1077 2797 1262 2827 corrected.
1410 2795 1422 2813 ⁵
1452 2796 1544 2827 Tusc.
1564 2796 1659 2835 Disp.
1679 2796 1721 2829 iv.
1741 2806 1793 2837 35.

437 2845 448 2863 θ
473 2845 546 2877 MS.
566 2846 823 2877 Adducendum.
