1904 3171
146 2342 271 2382 31b2.

1026 124 1078 173 46

279 237 479 279 maxime
502 238 681 291 quando
714 237 994 292 conjungitur
1025 237 1063 277 ei
1093 237 1288 290 Jupiter;
1321 236 1530 289 quoniam
1552 241 1658 276 tunc
1680 233 1827 287 signat

279 321 511 349 numerum
528 307 743 362 psallendi
760 315 804 350 et
819 321 1050 349 numerum
1065 305 1274 348 librorum
1290 306 1552 347 divinorum.
1600 305 1659 346 Et
1674 305 1827 346 dicunt

279 379 397 433 quod
421 379 494 419 lex
513 378 787 419 Mercurialis
810 384 876 419 est
899 376 1117 418 difficilior
1138 377 1193 417 ad
1217 377 1486 417 credendum
1514 389 1647 430 quarn
1670 374 1764 424 alie,
1782 379 1827 414 et

278 448 413 490 habet
430 448 591 490 multas
608 447 890 489 difficultates
908 460 1041 500 supra
1062 447 1305 487 humanum
1330 445 1614 497 intellectum.
1664 445 1723 486 Et
1740 444 1826 485 hoc

278 519 486 560 convenit
503 525 685 573 propter
703 523 849 558 motus
865 516 1070 558 Mercurii
1086 515 1295 564 difficiles,
1315 515 1438 569 cujus
1456 515 1717 557 circuitus-in
1736 514 1827 568 epi-

279 589 391 630 ciclo
408 595 452 630 et
471 589 688 629 ecentrico
707 594 751 628 et
769 593 973 640 equante,
993 587 1037 627 in
1054 586 1215 640 quibus
1237 586 1570 627 considerantur
1592 586 1666 639 sui
1680 592 1828 626 motus

279 657 585 711 longitudinis,
606 663 650 698 et
673 656 875 705 inflexus,
899 661 943 697 et
972 655 1174 708 reflexus,
1199 662 1242 697 et
1273 656 1316 696 in
1348 655 1540 697 motibus
1572 655 1829 703 latitudinis,

280 741 357 780 per
379 726 726 768 declinacionem
751 725 955 768 ecentrici
971 726 1027 766 ab
1042 725 1149 767 orbe
1163 725 1389 779 signorum
1404 726 1460 766 ad
1483 726 1829 780 septentrionem

280 803 324 838 et
354 797 591 846 meridiem,
615 803 658 838 et
688 797 857 851 epicicli
889 797 946 838 ab
969 796 1213 838 eccentrico
1244 796 1288 836 in
1312 803 1485 849 partem
1516 795 1829 849 septentrionis

281 874 326 908 et
354 867 550 908 meridiei
584 872 687 908 sunt
720 866 1007 908 mirabiliores
1037 872 1081 906 et
1110 865 1376 906 difficiliores
1402 865 1605 906 omnibus
1637 865 1830 906 motibus

281 937 573 992 planetarum,
612 938 727 978 sicut
761 943 886 991 patet
924 950 982 978 ex
1020 936 1148 977 dictis
1183 935 1446 986 Ptholomei,
1484 941 1528 976 et
1566 935 1737 989 planius
1772 949 1831 976 ex

281 1007 516 1049 sentenciis
556 1007 815 1062 Albategni,
848 1006 993 1056 Tebit‚
1025 1013 1070 1047 et
1110 1005 1334 1057 Alzarkel‚
1367 1012 1410 1047 et
1452 1005 1737 1059 probabiliter
1772 1019 1830 1046 ex

281 1077 409 1119 dictis
439 1076 684 1131 Alfragani.
748 1077 807 1119 Et
839 1083 1020 1131 propter
1049 1077 1133 1118 hoc
1165 1075 1394 1131 significat,
1427 1083 1476 1117 ut
1507 1075 1668 1129 dicunt,
1700 1089 1832 1130 super

282 1148 425 1202 legem
468 1161 553 1201 que
594 1147 731 1190 habet
777 1147 974 1190 difficiles
1024 1146 1232 1188 articulos
1275 1153 1319 1188 et
1367 1145 1563 1188 occultas
1611 1146 1831 1198 veritates,

285 1218 533 1271 cujusmodi
554 1225 621 1260 est
643 1217 717 1259 lex
743 1217 1004 1259 Christiana.
1082 1216 1162 1259 Set
1184 1217 1288 1270 quia
1310 1216 1554 1257 Mercurius
1576 1223 1643 1259 est
1665 1215 1831 1271 signifi-

285 1293 408 1329 cator
429 1288 643 1342 scripture
666 1293 709 1329 et
732 1288 1011 1341 scriptorum,
1035 1293 1079 1329 et
1102 1286 1415 1341 profunditatis
1438 1286 1621 1328 sciencie
1644 1287 1686 1327 in
1708 1285 1832 1327 libris

284 1357 524 1411 profundis,
546 1364 681 1412 atque
713 1357 999 1400 facunditatis
1028 1372 1104 1398 sue
1128 1357 1219 1398 sive
1241 1356 1487 1398 dulcedinis
1510 1355 1766 1411 loqucionis,
1788 1363 1833 1397 et

284 1427 442 1481 lingue,
466 1434 510 1468 et
532 1427 759 1477 rethorice,
782 1441 832 1468 ac
854 1427 1101 1469 velocitatis
1124 1427 1217 1482 ejus
1239 1433 1283 1468 et
1305 1427 1635 1481 explanacionis
1657 1433 1832 1468 senten-

285 1498 450 1539 ciarum
493 1497 587 1551 ejus
619 1497 838 1551 significat
871 1498 992 1551 quod
1025 1504 1115 1538 tam
1148 1498 1380 1540 autenticis
1419 1497 1657 1552 scripturis,
1688 1503 1732 1538 et
1765 1502 1833 1538 tot

289 1567 518 1622 profundis
550 1567 759 1618 scienciis,
783 1574 827 1610 et
859 1574 984 1609 tanta
1016 1574 1239 1621 potestate
1269 1567 1536 1621 eloquencie,
1560 1567 1834 1617 defendetur,

286 1638 406 1690 quod
444 1637 578 1678 stabit
615 1650 790 1690 semper
825 1637 869 1678 in
905 1638 1062 1678 robore
1099 1651 1191 1687 suo,
1225 1637 1369 1678 donec
1406 1636 1561 1678 ultima
1599 1636 1672 1677 lex
1707 1635 1836 1677 Lune

287 1708 514 1760 perturbet
556 1721 653 1748 eam
697 1708 752 1748 ad
797 1713 983 1762 tempus.
1062 1708 1122 1749 Et
1163 1707 1326 1759 dicunt,
1368 1707 1487 1760 quod
1529 1707 1610 1748 hec
1650 1705 1725 1747 lex
1767 1711 1835 1748 est

287 1779 506 1833 prophete
535 1779 743 1820 nascituri
773 1780 829 1821 de
858 1779 1036 1834 virgine,
1059 1780 1300 1821 secundum
1331 1780 1449 1832 quod
1479 1792 1631 1820 omnes
1663 1778 1835 1832 antiqui

294 1849 403 1901 Indi,
437 1848 605 1899 Caldei,
639 1849 873 1898 Babilonii,
908 1856 952 1891 et
985 1850 1128 1901 Perse,
1161 1856 1204 1891 et
1236 1849 1430 1891 omnium
1474 1850 1608 1890 duces
1646 1848 1834 1890 Hermes

291 1925 335 1959 et
369 1918 582 1970 Astabus,
624 1933 650 1960 a
684 1919 824 1973 prima
859 1926 978 1961 etate
1009 1920 1263 1968 docuerunt,
1298 1920 1418 1972 quod
1451 1919 1519 1960 ‘in
1551 1918 1690 1973 prima
1723 1919 1835 1960 facie

290 1989 485 2042 Virginis
522 1990 720 2031 ascendit
756 1990 880 2043 virgo
919 1989 1210 2030 mundissima
1249 1989 1463 2030 nutritura
1491 2003 1674 2042 puerum
1712 1995 1756 2030 et
1791 1989 1834 2030 in

290 2065 406 2100 terra
430 2058 724 2110 Hebreorum,
747 2060 815 2100 cui
838 2073 999 2101 nomen
1021 2060 1181 2113 Jhesus
1206 2056 1431 2109 Christus,'
1454 2065 1502 2099 ut
1524 2059 1644 2113 prius
1666 2064 1834 2100 tactum

293 2135 357 2169 est
391 2129 434 2169 in
466 2129 734 2170 auctoritate
763 2143 897 2182 quarn
921 2130 1074 2171 recitat
1097 2129 1382 2171 Albumazar.
1447 2129 1507 2170 Et
1529 2129 1613 2170 hoc
1635 2130 1836 2183 congruit

291 2199 376 2253 legi
413 2199 677 2249 Mercuriali,
711 2201 814 2253 quia
848 2200 1092 2254 Mercurius
1123 2200 1257 2241 habet
1290 2199 1532 2240 maximam
1567 2205 1835 2253 potestatem

291 2269 333 2309 in
384 2269 582 2324 Virgine,
641 2271 883 2311 secundum
938 2270 1152 2324 judicium
1207 2276 1562 2311 astronomorum
1623 2270 1838 2312 omnium.

293 2337 478 2379 Creatus
513 2339 627 2379 enirn
665 2338 745 2380 fuit
783 2340 825 2380 in
857 2339 1054 2393 Virgine,
1074 2346 1118 2380 et
1146 2338 1151 2395 Ι
1179 2339 1432 2394 dignitateS,
1464 2352 1538 2380 seu
1571 2339 1837 2391 testimonia,

293 2422 368 2449 seu
401 2407 595 2458 virtutes,
617 2423 693 2450 seu
725 2409 1002 2450 fortitudines
1025 2417 1063 2461 5,
1085 2423 1171 2463 que
1200 2409 1418 2450 debentur
1447 2408 1634 2464 planetis
1663 2409 1836 2451 racione

294 2477 531 2531 signorum,
552 2478 686 2519 habet
711 2478 955 2520 Mercurius
977 2479 1018 2519 in
1044 2479 1237 2533 Virgine,
1260 2485 1307 2519 ut
1330 2485 1445 2529 sunt,
1467 2478 1643 2527 scilicet,
1665 2479 1837 2532 domus,

294 2546 528 2598 exaltacio,
551 2548 794 2602 triplicitas,
817 2549 1040 2599 terminus,
1064 2548 1209 2590 facies.
1274 2548 1333 2589 Et
1355 2549 1514 2590 domus
1530 2561 1644 2589 nunc
1659 2554 1703 2590 et
1717 2548 1837 2603 prius

295 2616 454 2657 dicitur
483 2616 705 2670 equivoce,
728 2618 937 2671 quoniam
968 2618 1048 2658 iste
1077 2618 1236 2658 domus
1266 2625 1478 2659 vocantur
1506 2607 1763 2659 essen-ciales
1792 2623 1837 2659 et

295 2687 530 2736 naturales,
558 2687 722 2740 priores
755 2695 968 2729 vocantur
995 2687 1288 2729 accidentales
1318 2694 1361 2729 et
1389 2687 1592 2736 situales3
1629 2688 1836 2741 quoniam

295 2756 351 2796 he
387 2756 547 2797 domus
582 2762 682 2797 sunt
723 2769 773 2799 12
808 2757 942 2811 signa,
981 2771 1167 2811 quorum
1206 2757 1360 2798 divisio
1394 2757 1602 2798 naturalis
1635 2764 1712 2806 est,
1735 2757 1838 2810 quia

300 2825 522 2866 secciones
551 2825 719 2867 zodiaci
750 2832 793 2867 et
825 2826 905 2867 celi
933 2826 974 2866 in
1006 2840 1055 2867 ea
1086 2832 1263 2867 manent
1286 2839 1459 2879 semper
1482 2827 1524 2866 in
1546 2826 1634 2867 suis
1657 2825 1759 2867 locis
1783 2826 1838 2867 de
