1904 3171
796 172 844 200 21

54 276 110 318 ab
136 275 327 317 hominis
354 282 522 325 natura,
545 275 698 317 dicunt
720 274 920 316 homines
943 273 1238 315 transmutari.
1302 273 1379 315 Set
1404 278 1591 314 tractare

54 344 226 399 singula
263 345 376 387 circa
413 346 595 386 virtutes
631 351 674 387 et
710 345 820 386 vicia
855 350 969 386 esset
1007 357 1216 398 magnum
1252 356 1374 396 opuS‚
1410 349 1453 383 et
1491 343 1590 382 ideo

55 415 362 456 recurrendum
395 420 460 456 est
490 416 545 456 ad
573 414 760 456 morales
789 413 1076 468 philosophos
1107 419 1150 454 et
1171 412 1307 454 libros
1328 425 1508 453 eorum:
1541 417 1590 451 ut

53 485 108 525 ad
130 484 265 525 libros
287 484 354 525 De
379 484 552 538 Officiis,
567 484 635 525 De
655 484 918 535 paradoxis,
937 483 1004 523 De
1019 482 1245 532 Amicicia,
1262 481 1330 522 De
1353 482 1588 530 Senectute,

53 554 121 595 De
152 553 453 605 Qnescionibns
480 554 746 602 Tusculanis,
770 555 811 595 in
837 562 862 606 5
885 554 1004 594 libris
1021 553 1088 594 De
1120 552 1424 593 Achademz'cz‘s
1436 549 1464 601 ¹,
1492 551 1534 591 in
1563 559 1588 603 5

53 622 173 664 libris
198 624 254 664 In
290 623 435 671 Verre,
459 624 500 663 in
530 624 779 674 Hortensio,
808 623 850 663 in
877 623 987 663 libro
1013 621 1365 670 Divinacz‘onnm‚
1399 621 1441 661 in
1473 619 1591 660 libris

51 692 120 733 De
139 693 323 734 Natura
343 693 549 742 Deorum,
566 694 608 734 in
633 693 673 734 T
670 693 807 735 himen
825 692 1058 743 Ciceronis,
1074 692 1116 732 in
1133 690 1401 744 Philippicis.
1463 688 1591 730 Simi-

53 762 150 803 liter
172 762 214 803 in
236 762 348 804 libro
377 777 539 817 magno
571 763 617 803 E
611 763 876 816 pistolarmn
890 762 1156 816 primarum,
1179 767 1224 802 et
1250 761 1292 801 in
1314 774 1394 801 suo
1421 759 1591 813 corpori

52 831 355 885 Epistolarnm
388 846 583 880 suarum,
606 840 649 874 et
679 833 722 872 in
751 832 796 872 E
790 831 966 886 pistolis
993 831 1147 872 Senece
1173 829 1235 872 ad
1257 830 1462 880 Paulum,
1483 835 1526 870 et
1548 829 1591 869 in

54 901 174 942 libris
190 901 258 942 De
278 902 503 943 Remediis
524 902 839 952 Fortnitornm,
854 901 922 941 De
941 913 969 951 4
1004 900 1250 942 Virtutibus
1275 898 1591 948 Cardinalibus,

52 971 121 1012 De
147 970 398 1021 Clemencia,
417 979 462 1012 et
485 972 528 1012 in
556 981 576 1024 7
600 971 669 1012 De
688 970 926 1025 Beneficiis,
943 977 987 1011 et
1010 971 1052 1011 in
1074 970 1194 1011 libris
1213 969 1591 1010 Declamacionum

53 1054 91 1091 4.
142 1041 211 1082 Ita
242 1043 362 1095 quod
396 1042 455 1082 ibi
499 1041 669 1083 Seneca
700 1040 917 1083 naturalia
958 1047 1129 1089 tractat,
1163 1039 1275 1081 sicut
1318 1039 1361 1079 in
1406 1037 1427 1077 8
1470 1037 1591 1078 libris

56 1109 337 1162 Quescionnm
373 1111 680 1162 AVatnralinm,
720 1118 764 1153 et
800 1111 843 1152 in
880 1111 991 1151 libro
1023 1110 1091 1150 De
1127 1109 1291 1150 Forma
1330 1107 1508 1156 M'undi,
1547 1113 1591 1148 et

53 1180 321 1234 hujusmodi,
356 1182 465 1222 mira
499 1182 556 1222 de
596 1180 833 1222 virtutibus
879 1180 1109 1221 immiscet.
1183 1177 1394 1219 Similiter
1433 1183 1477 1217 et
1518 1177 1591 1218 alii

53 1250 305 1304 philosophi
336 1251 500 1292 faciunt
529 1251 634 1305 quia
666 1251 852 1293 sciencia
880 1249 1151 1304 speculativa
1171 1249 1353 1289 omnino
1379 1246 1511 1287 habet
1535 1246 1591 1287 ad

55 1335 198 1362 mores
220 1320 378 1362 referri.
432 1321 547 1363 Sunt
570 1328 613 1362 et
635 1321 732 1361 libri
755 1320 1000 1362 Aristotilis
1023 1319 1161 1370 multi,
1183 1325 1230 1359 ut
1251 1329 1303 1357 10
1324 1317 1421 1358 libri
1436 1316 1480 1356 E
1486 1315 1593 1357 tlzice

55 1390 99 1431 in
121 1390 292 1443 triplice
317 1391 625 1442 translacione,
648 1397 691 1432 et
718 1389 1065 1432 Commentarius
1089 1389 1304 1429 Averrois
1330 1400 1460 1441 super
1481 1385 1592 1435 illos,

53 1467 98 1502 et
123 1459 471 1502 Commentarius
485 1461 532 1501 E
536 1461 693 1502 nstacii
712 1461 831 1514 apud
848 1459 1020 1501 latinos.
1082 1458 1196 1500 Sunt
1219 1463 1263 1498 et
1280 1456 1376 1497 libri
1394 1455 1592 1509 ejusdem

53 1530 299 1572 Aristotilis
332 1530 402 1572 De
438 1530 629 1572 Secretis
663 1530 951 1572 Secretornm.
1027 1528 1140 1571 Sunt
1182 1533 1226 1569 et
1267 1526 1362 1568 libri
1404 1525 1496 1579 ejus
1536 1526 1592 1566 de

54 1600 294 1643 Retltorica
321 1607 365 1642 et
387 1601 578 1649 poetica,
609 1607 652 1642 et
687 1599 1002 1643 Commentarz'i
1019 1596 1285 1652 Alpharabiz'
1311 1602 1354 1637 et
1370 1595 1594 1645 Avermis,

54 1670 130 1724 qui
157 1670 253 1711 libri
275 1671 333 1712 ad
357 1669 573 1711 Moralem
597 1670 931 1725 Philosophiam
954 1669 1181 1724 pertinent.
1244 1665 1467 1720 Quoniam
1494 1678 1590 1718 pre-

54 1740 229 1794 parabit
261 1741 443 1782 modum
478 1740 832 1794 proposicionum
865 1746 909 1781 et
940 1743 1300 1794 argumentorum
1329 1741 1373 1776 et
1405 1734 1590 1776 aliorum

54 1824 140 1864 que
162 1811 387 1865 pertinent
411 1811 467 1851 ad
493 1809 709 1851 Moralem
735 1808 994 1860 scienciam,
1016 1813 1116 1848 sunt
1138 1812 1182 1847 et
1203 1805 1302 1846 libri
1324 1803 1504 1859 Apuleii
1526 1804 1594 1844 De

55 1879 273 1934 Dogmate
303 1880 519 1930 Platonis,
553 1885 596 1921 et
629 1879 697 1920 De
732 1879 824 1921 Deo
861 1878 1068 1925 Socratis,
1104 1882 1147 1917 et
1189 1875 1286 1916 libri
1328 1873 1593 1927 Trimegisti,

57 1950 276 2001 Mercurii,
297 1950 539 2001 Hermetis,
557 1949 798 1999 Avicenne,
820 1947 1051 1998 Alfarabii,
1075 1953 1118 1988 et
1145 1945 1385 1986 multorum
1408 1943 1592 1984 aliorum

55 2033 167 2073 quos
188 2020 369 2074 longum
393 2026 508 2061 esset
530 2033 742 2060 enarrare.

142 2090 223 2131 ET
254 2104 343 2132 non
371 2090 513 2131 solum
542 2090 597 2131 de
624 2088 834 2144 predictis
865 2087 1076 2141 loquntur
1102 2085 1304 2140 gloriose,
1333 2084 1367 2125 si
1400 2089 1443 2124 et
1473 2084 1595 2138 leges

140 2166 186 2201 et
208 2160 306 2214 jura
338 2166 383 2201 et
414 2165 582 2201 statuta
612 2158 789 2200 vivendi
822 2157 1119 2211 promulgant,
1152 2155 1314 2209 quibus
1345 2154 1480 2194 habet
1512 2154 1593 2194 hu-

56 2244 234 2271 manum
259 2243 398 2284 genus
420 2229 654 2270 salubriter
676 2228 779 2281 regi,
796 2233 863 2268 set
885 2226 1005 2280 quod
1023 2239 1069 2266 se
1087 2224 1291 2266 extendit
1305 2221 1595 2277 philosophia.

58 2300 192 2342 Unde
224 2298 482 2341 Aristotiles
500 2297 516 2321 2
545 2298 588 2338 in
619 2297 705 2338 fine
731 2295 736 2352 Ι
765 2297 810 2338 E
816 2296 923 2338 thice
954 2295 1167 2337 transiens
1197 2294 1254 2335 ad
1287 2292 1420 2333 libros
1449 2291 1594 2346 legum

54 2370 182 2411 dicit:
200 2370 209 2388 ‘
221 2368 446 2423 Quoniam
461 2367 737 2422 propositum
754 2373 951 2407 nostrum
967 2372 1033 2407 est
1047 2364 1264 2419 perfeccio
1278 2361 1595 2416 speculacionis

53 2439 295 2480 secundum
339 2451 592 2478 mensuram
636 2450 765 2491 posse
810 2434 1089 2490 philosophie
1130 2433 1173 2473 in
1210 2432 1338 2474 rebus
1379 2431 1596 2481 humanis,

52 2516 159 2551 tunc
195 2507 453 2549 conabimur
490 2505 717 2559 primum³
753 2504 1015 2559 perscrutari
1053 2504 1108 2544 de
1145 2508 1270 2557 parte
1309 2500 1442 2543 nobili
1479 2501 1597 2542 bona

53 2579 203 2633 legum
225 2590 359 2630 quam
383 2576 590 2616 dixerunt
614 2575 784 2628 antiqui
809 2574 851 2614 in
879 2573 1093 2627 regimine
1121 2572 1358 2613 civitatum.
1422 2570 1597 2611 Deinde

53 2647 301 2689 videbimus
338 2645 394 2686 de
433 2645 577 2686 modis
609 2644 796 2694 vivendi,
828 2643 925 2697 quis
963 2655 1113 2683 eorum
1153 2641 1346 2694 corrupit
1379 2640 1595 2693 quasdam

55 2716 266 2766 civitates,
299 2721 343 2755 et
385 2714 482 2767 quis
517 2727 670 2754 eorum
714 2711 925 2754 rectificat
965 2711 1195 2765 quasdam,
1228 2716 1271 2751 et
1312 2709 1409 2763 quis
1446 2722 1595 2748 eorum

98 2812 110 2841 ί
133 2822 218 2853 This
235 2822 390 2853 includes
407 2821 464 2852 the
482 2820 532 2852 De
549 2820 698 2852 Finibus.
834 2818 845 2836 ²
870 2819 1046 2851 Averroes
1062 2818 1096 2850 in
1115 2818 1246 2858 fimitis,
1264 2817 1282 2849 l.
1306 2827 1354 2848 10.
1374 2827 1400 2848 c.
1420 2825 1456 2846 11
1472 2815 1504 2846 in
1519 2815 1597 2847 fine.

98 2875 111 2894 ³
133 2875 291 2915 primitus
307 2874 405 2905 Text.

1615 2301 1738 2334 26b2.
