1904 3171
1032 159 1084 187 22

281 269 476 324 corrupit
500 280 676 311 omnem
701 266 924 308 civitatem
950 272 995 307 et
1014 265 1112 318 quis
1131 263 1345 306 rectificat
1366 276 1546 305 omnem
1563 261 1590 304 ¹.
1639 259 1834 303 Intendo

281 354 340 381 ex
382 338 574 380 civitatis
613 349 641 386 4
679 335 953 390 simplicibus
989 340 1065 376 aut
1100 333 1152 386 5.'
1218 334 1279 375 Et
1315 333 1454 375 dicit2
1493 332 1734 375 translator
1774 344 1833 372 ex

284 411 429 452 Greco
462 410 505 450 in
541 408 763 449 Arabico:
804 405 917 447 ‘Hic
950 405 1135 459 explicit
1168 418 1312 446 sermo
1345 404 1388 446 in
1420 404 1502 445 hac
1535 410 1660 458 parte
1691 402 1835 457 prima

284 480 413 534 hujus
436 478 620 520 sciencie
642 477 790 526 civilis,
815 482 859 516 et
882 481 948 516 est
970 489 1021 516 ea
1044 488 1131 528 que
1153 489 1199 516 se
1225 475 1360 516 habet
1384 474 1426 515 in
1459 473 1662 516 Sciencia
1691 470 1834 519 Civili,

284 549 547 591 habitudine
564 546 740 595 noticie‚
757 545 865 599 quid
881 551 947 586 est
965 546 1132 586 sanitas
1147 551 1190 586 et
1208 544 1480 600 egritudo-in
1495 551 1589 585 arte
1605 542 1834 593 medicine,

283 620 495 674 quoniam
532 618 574 658 in
618 629 670 657 10
707 615 824 656 libris
858 614 1019 656 Etlzice
1054 615 1129 668 qui
1163 615 1392 656 continent
1426 615 1614 668 primam
1652 618 1834 668 partem

285 688 436 731 Civilis
469 686 666 728 Sciencie
703 684 798 726 ibi3
830 684 1043 725 faciendis
1075 685 1260 726 docetur
1296 684 1403 738 quid
1444 689 1510 725 est
1541 683 1695 734 virtus,
1728 682 1837 736 quid

284 758 480 805 felicitas,
516 756 621 810 quid
659 756 811 803 virtus,
843 754 950 807 quid
982 755 1158 805 vicium,
1195 768 1281 807 que
1323 753 1492 808 species
1523 754 1754 802 virtutum,
1791 759 1836 795 et

283 842 370 882 que
412 827 581 882 species
623 826 851 872 viciorum,
895 825 1008 866 sicut
1050 825 1093 866 in
1135 824 1277 878 prima
1318 829 1446 879 parte
1488 824 1704 865 medicine
1750 837 1837 877 que

283 904 468 940 vocatur
499 895 784 950 speculativa,
806 894 857 936 fit
887 895 1184 937 consideracio
1214 896 1269 936 de
1301 894 1492 935 sanitate
1513 899 1557 934 et
1580 893 1838 935 infirmitate

283 967 510 1023 corporali.
575 966 635 1007 Et
668 965 740 1006 illa
772 978 905 1018 quam
934 966 1136 1019 promisit
1169 974 1236 1007 est
1263 979 1363 1019 pars
1397 978 1484 1018 que
1515 963 1594 1006 se4
1625 964 1763 1006 habet
1793 965 1836 1006 in

284 1039 369 1080 hac
417 1036 606 1080 sciencia
648 1035 910 1077 habitudine
945 1035 1182 1077 efficiencie
1221 1035 1425 1082 sanitatis
1456 1041 1500 1076 et
1532 1034 1838 1077 destruccione

283 1107 544 1163 egritudinis
578 1106 621 1147 in
655 1105 886 1154 medicina,
920 1112 964 1146 et
1005 1112 1073 1147 est
1116 1106 1159 1146 in
1202 1105 1315 1147 libro
1351 1120 1431 1147 suo
1466 1106 1540 1160 qui
1582 1106 1838 1152 nominatur

283 1179 418 1221 Liber
443 1178 511 1219 De
531 1177 767 1230 Regimz‘ne
796 1176 892 1218 Vite
915 1176 957 1217 in
975 1189 1063 1229 quo
1086 1176 1260 1217 ordinat
1283 1176 1404 1230 leges
1428 1182 1470 1217 et
1492 1183 1659 1218 statuta
1676 1169 1836 1231 quibus

284 1251 547 1293 inducantur
584 1249 702 1290 cives
729 1249 785 1290 ad
814 1262 987 1289 morum
1021 1255 1066 1290 et
1098 1248 1312 1289 virtutum
1345 1248 1638 1298 honestatem,
1671 1254 1715 1289 et
1747 1261 1836 1289 ser-

284 1328 443 1363 ventur
473 1321 517 1361 in
550 1320 624 1370 eis,
656 1325 701 1360 et
733 1319 894 1371 quibus
925 1318 1244 1372 prohibeantur
1275 1325 1319 1359 et
1353 1325 1558 1360 curentur
1589 1333 1615 1360 a
1639 1317 1760 1360 viciis
1793 1323 1839 1359 et

283 1390 491 1445 peccatis,
526 1390 640 1431 sicut
681 1388 840 1430 accidit
883 1389 926 1429 in
968 1389 1162 1430 secunda
1204 1394 1331 1444 parte
1373 1389 1601 1439 medicine,
1642 1401 1730 1442 que
1771 1394 1838 1429 est

284 1460 494 1516 practica,
526 1459 569 1500 in
601 1472 689 1513 qua
720 1459 905 1501 docetur
942 1459 1171 1513 quomodo
1214 1459 1448 1501 inducatur
1480 1465 1524 1500 et
1556 1463 1839 1500 conservetur

285 1531 463 1582 sanitas,
486 1535 530 1571 et
552 1529 781 1582 quomodo
803 1527 1079 1570 infirmitates
1102 1537 1371 1571 evacuentur
1393 1535 1437 1570 et
1459 1527 1806 1584 prohibeantur.'

346 1600 563 1643 Civitates
585 1599 765 1654 quidem
789 1599 1010 1652 simplices
1033 1606 1134 1641 sunt
1150 1614 1237 1654 que
1254 1599 1420 1642 habent
1437 1599 1570 1641 finem
1587 1599 1835 1653 simplicem

285 1678 334 1714 ut
354 1671 691 1724 volumptatem‚
706 1669 775 1711 vel
797 1669 992 1721 divicias,
1009 1669 1078 1711 vel
1104 1670 1356 1725 potenciam
1373 1670 1388 1694 ⁵
1411 1683 1487 1711 seu
1503 1669 1749 1719 victoriam,
1766 1670 1836 1711 vel

284 1743 450 1784 famam
473 1753 548 1782 seu
571 1739 772 1795 gloriam,
794 1753 879 1793 que
908 1746 1011 1781 sunt
1041 1740 1149 1781 false
1171 1740 1415 1792 felicitates,
1438 1740 1508 1781 vel
1530 1754 1679 1782 veram
1701 1740 1837 1782 felici-

286 1818 425 1854 tatem
448 1825 536 1865 que
558 1816 626 1851 est
647 1809 828 1852 alterius
849 1810 950 1851 vite.

347 1880 607 1936 Composite
638 1893 742 1921 vero
774 1880 1005 1922 civitates⁶
1039 1887 1140 1922 sunt
1171 1895 1258 1935 que
1288 1881 1455 1923 habent
1489 1881 1622 1922 finem
1657 1895 1838 1936 compo-

286 1953 421 1993 situm
457 1965 515 1992 ex
548 1950 753 1992 omnibus
786 1950 864 2001 his,
896 1951 967 1992 vel
995 1963 1034 2002 4,
1060 1950 1129 1992 vel
1166 1964 1204 2006 3,
1233 1951 1302 1993 vel
1332 1963 1369 2000 2,
1404 1959 1448 1993 et
1478 1951 1562 1993 hoc
1591 1952 1836 1993 secundum

287 2035 442 2063 omnes
475 2021 752 2062 diversitates
786 2023 1173 2075 comparacionum
1209 2022 1393 2073 istorum
1429 2029 1467 2074 5,
1507 2028 1687 2076 propter
1714 2023 1837 2075 quod

288 2092 395 2132 dicit
411 2090 668 2132 Alfarabius
682 2090 697 2114 ⁷
712 2091 754 2131 in
772 2091 885 2132 libro
902 2091 971 2133 De
991 2092 1213 2142 Scz'encz'is,
1228 2091 1552 2134 ‘habitudinem
1570 2105 1720 2133 veram
1743 2105 1838 2134 esse

292 2169 396 2215 post
417 2162 530 2203 hanc
544 2162 696 2214 vitam,
714 2167 758 2202 et
780 2162 984 2204 estimate
1005 2163 1304 2204 beatitudines
1326 2163 1439 2204 sicut
1464 2162 1663 2213 victoria,
1685 2162 1839 2217 gloria,

289 2231 619 2272 delectaciones.
684 2231 746 2271 Et
778 2238 998 2285 ponuntur
1029 2231 1139 2273 fines
1177 2238 1351 2274 tanturn
1386 2232 1429 2273 in
1472 2232 1554 2279 hac
1595 2231 1711 2274 vita.'
1777 2232 1838 2274 Et

287 2301 348 2342 hii
380 2301 488 2342 fines
518 2315 606 2342 non
641 2301 921 2343 inveniuntur
957 2302 1039 2344 nisi
1076 2317 1154 2356 per
1189 2309 1419 2357 regnatum
1459 2301 1755 2344 stabilientem
1793 2309 1838 2344 et

289 2370 561 2411 conditiones
594 2377 638 2411 et
670 2372 1006 2413 consuetudines
1039 2380 1083 2414 et
1113 2379 1264 2427 gestus
1297 2380 1341 2414 et
1381 2373 1558 2414 habitus
1598 2378 1644 2414 et
1681 2386 1837 2414 mores.

290 2440 521 2493 Regnatus
551 2447 701 2482 autem
734 2442 824 2482 duo
853 2448 954 2484 sunt
987 2443 1107 2484 modi
1145 2450 1367 2496 regnatuS,
1399 2442 1576 2492 scilicet,
1609 2443 1837 2484 stabiliens

289 2511 486 2552 acciones
508 2516 556 2551 ut
578 2510 640 2552 eis
673 2512 935 2565 acquiratur,
960 2510 1202 2571 [respectu]
1227 2513 1334 2554 illud
1358 2514 1477 2568 quod
1501 2513 1542 2554 in
1565 2513 1748 2555 veritate
1770 2520 1838 2556 est

333 2607 343 2625 ¹
367 2617 489 2638 omnes
507 2607 582 2640 MS.
764 2608 776 2626 ²
800 2609 830 2641 It
847 2610 876 2641 is
892 2609 1068 2642 Averroes
1085 2610 1166 2642 who
1183 2611 1212 2643 is
1228 2611 1378 2651 writing.
1568 2609 1581 2628 ³
1607 2602 1680 2642 MS.
1702 2610 1748 2642 in.

333 2659 345 2677 ⁴
369 2659 399 2689 M
409 2660 443 2691 S.
463 2670 530 2700 que
546 2671 584 2691 se
602 2662 775 2701 repeated.
944 2663 954 2678 ³
979 2663 1052 2695 MS.
1074 2663 1284 2704 patientiam.
1459 2663 1471 2681 ⁶
1494 2663 1657 2695 veritates
1675 2663 1747 2695 MS.

334 2711 344 2727 ⁷
366 2713 458 2752 quod
475 2722 557 2743 vera
574 2713 750 2745 beatitudo
768 2725 837 2745 non
854 2720 968 2755 potest
990 2716 1109 2747 haberi
1130 2716 1164 2746 in
1188 2716 1373 2756 praesenti.
1393 2716 1454 2747 sed
1476 2716 1510 2746 in
1528 2717 1640 2747 futuro
1661 2716 1838 2756 querenda

290 2770 352 2796 est.
400 2765 496 2804 Quae
513 2770 627 2796 autem
645 2772 810 2806 putantur
826 2768 1011 2808 beatitudo,
1031 2773 1065 2799 et
1089 2779 1156 2799 non
1181 2774 1270 2806 sunt,
1295 2774 1374 2799 sunt
1390 2769 1478 2799 sicut
1493 2768 1648 2809 victoria,
1667 2774 1700 2800 et
1716 2768 1839 2809 gloria,

290 2824 323 2849 et
345 2818 560 2857 dilectiones,
585 2818 669 2850 haec
693 2819 780 2851 fines
800 2831 918 2852 eorum
941 2831 1027 2861 quae
1045 2821 1184 2854 faciunt.
1230 2821 1297 2853 Alf.
1317 2821 1355 2853 de
1376 2821 1539 2861 Scicnteis,
1564 2832 1594 2854 c.
1616 2831 1646 2862 5.
1671 2832 1706 2863 p.
1726 2822 1780 2862 38.
1802 2832 1835 2863 9,

291 2870 387 2902 Paris
407 2872 472 2911 16⁰,
493 2871 545 2902 ed.
566 2871 790 2904 Camerarius.
