1904 3171
1024 127 1081 172 54

272 230 418 273 Cupiens
435 231 534 273 igitur
553 231 826 263 Mathematicarn
838 236 980 263 tractare
994 231 1077 263 infra
1087 231 1216 263 radices
1228 231 1475 274 Methaphisiee
1493 232 1580 264 sicut
1593 232 1656 265 feci
1670 231 1832 275 Logicam

270 294 372 325 quam
390 284 581 316 immediate
598 285 746 326 sequitur
763 284 1016 323 Mathematica,
1034 284 1113 316 volo
1130 284 1212 317 sicut
1229 284 1335 316 debeo
1352 290 1388 316 ut
1406 285 1437 316 in
1455 285 1604 327 pluribus
1628 286 1794 317 abstinere
1812 297 1832 317 a

270 336 559 370 demonstracione
584 348 700 369 eorum
727 348 791 379 que
821 336 990 368 verificavi
1017 337 1051 368 in
1077 337 1144 368 alia
1172 337 1316 368 sciencia
1342 338 1523 377 communi,
1553 337 1630 370 licet
1655 338 1762 370 multa
1786 338 1833 370 ibi

270 390 440 422 verificata
456 401 520 432 que
544 391 782 422 mathematice
801 389 914 421 valent
935 389 1084 421 recitabo
1106 400 1165 430 per
1186 389 1306 421 modos
1327 391 1530 422 narracionis
1547 391 1728 422 secundum
1743 391 1834 433 quod

271 446 425 487 congruit
442 446 682 478 Mathematice
699 450 731 477 et
746 445 939 486 aliquandO,
957 445 1035 476 licet
1052 455 1139 484 raro,
1158 444 1294 476 afferam
1311 446 1528 487 probaciones
1549 446 1679 490 aliquas
1699 447 1832 479 Metha-

272 498 430 540 phisieas‚
448 499 574 530 scilieet
591 499 624 530 in
640 499 770 530 casibus
788 498 883 529 certis
899 497 1034 539 quando
1053 508 1175 539 magna
1192 498 1371 529 necessitas
1386 499 1446 530 erit
1449 521 1561 531 .....
1573 523 1587 539 ξ.
1661 538 1666 542 θ

316 555 350 583 8.
399 551 423 584 f.
442 559 480 593 72
499 563 518 583 a
538 561 566 583 2.
613 551 791 583 Declaravi
817 550 950 592 quidem
979 550 1012 580 in
1045 550 1292 591 Methaphisica
1324 551 1414 592 quod
1444 551 1686 583 Mathematica
1713 551 1832 584 dicitur

271 604 467 646 dupliciter:
496 615 562 636 una
578 609 626 635 est
647 615 723 646 pars
743 602 959 645 philosophie
982 608 1014 635 et
1036 602 1140 634 altera
1162 602 1247 634 inter
1268 600 1471 644 magicas'et
1492 603 1832 636 erroneas.stulticias

272 667 346 688 corn
375 662 495 690 utatur.

316 669 372 741 9.Ρ
400 710 420 742 f.
439 717 478 751 72
497 710 519 741 b
538 718 565 741 1.
612 709 678 741 Sed
704 708 745 740 de
771 708 835 740 hiis
861 708 893 739 in
921 707 1172 750 Methaphisica
1197 696 1415 740 certificatum
1439 713 1488 740 est
1506 717 1667 751 qnantum
1690 710 1733 741 ad
1756 720 1832 742 eam

271 763 423 804 pertinet.

314 819 370 848 10.
418 815 439 848 f.
456 823 494 857 72
509 815 532 847 b
551 825 578 848 2.
629 815 791 846 Ordinem
816 819 928 846 autem
950 814 1037 846 hunc
1058 825 1133 846 cum
1157 819 1276 845 cuncta
1300 814 1504 855 probacione
1528 824 1568 845 ex
1584 814 1831 857 Methaphisica

270 879 345 899 mea
360 869 507 911 requirat
525 868 630 900 lector
645 873 677 899 et
695 873 805 899 tamen
822 867 854 898 in
873 868 939 899 isto
957 867 1042 899 libro
1059 868 1170 908 primo
1187 867 1313 909 aliquid
1331 872 1522 908 exponetur.

315 925 365 952 11.
414 921 434 953 f.
455 929 492 962 72
513 921 535 952 b
554 930 583 953 2.
632 921 741 952 Cause
754 931 833 951 vero
847 919 964 951 erroris
981 920 1118 951 hnmani
1131 919 1332 951 universales
1344 924 1419 951 sunt
1432 919 1540 960 primo
1551 920 1785 952 considerande
1797 920 1831 952 in

272 974 363 1005 omni
380 974 521 1015 negocio
538 973 638 1005 studii
652 978 684 1004 et
697 973 763 1004 vite
779 979 812 1004 et
826 972 938 1005 officii.
974 973 1017 1004 Et
1034 973 1111 1004 ideo
1127 973 1160 1003 in
1177 972 1341 1014 principio
1360 972 1603 1014 Methaphisice
1619 983 1685 1014 que
1699 972 1832 1004 ordinat

270 1031 378 1058 totam
395 1027 600 1068 sapienciam
617 1026 841 1057 demonstravi
858 1025 1030 1057 maliciam
1048 1025 1186 1057 istarum
1203 1035 1388 1064 causarum,
1405 1024 1618 1057 auctoritates
1634 1026 1783 1057 raciones
1798 1032 1832 1058 et

269 1079 423 1120 exempla
439 1080 627 1121 sapientum
645 1078 812 1120 copiosius
829 1078 1021 1120 ingerendo,
1040 1083 1071 1110 et
1088 1078 1219 1109 ostendi
1235 1078 1323 1119 q'uod
1342 1078 1402 1109 hee
1427 1083 1535 1109 totum
1550 1078 1697 1109 studium
1716 1084 1749 1110 et
1772 1089 1831 1120 per

269 1142 471 1173 consequens
488 1132 601 1163 omnia
618 1131 833 1170 confundunt,
853 1132 930 1173 quia
947 1131 1056 1173 qualis
1072 1131 1175 1162 horno
1192 1137 1241 1162 est
1258 1132 1291 1162 in
1309 1131 1421 1162 studio
1437 1131 1614 1172 sapiencie,
1627 1131 1704 1163 talis
1716 1131 1830 1173 invita

268 1190 301 1216 et
317 1184 478 1225 religione
495 1185 744 1226 comprobatur.

313 1239 367 1268 12.
414 1237 437 1269 f.
458 1245 498 1278 73
516 1237 537 1268 b
558 1245 587 1268 Ι.
634 1236 775 1269 Ostendi
799 1241 910 1267 autem
936 1236 969 1267 in
996 1236 1255 1278 Methaphisicis
1279 1247 1335 1277 per
1357 1236 1476 1267 modos
1499 1236 1598 1267 utiles
1624 1236 1713 1278 quod
1735 1236 1830 1268 nulla

268 1289 414 1320 sciencia
430 1294 542 1330 potest
559 1289 674 1321 haberi
691 1290 761 1320 sine
778 1288 841 1321 hac
858 1289 999 1320 sciencia
1016 1300 1075 1320 nee
1097 1290 1186 1331 quod
1211 1289 1331 1330 aliquis
1355 1295 1465 1330 potest
1484 1299 1578 1320 suam
1601 1289 1829 1331 ignoranciam

270 1341 303 1372 in
321 1341 396 1373 aliis
413 1342 582 1383 percipere
600 1341 749 1374 scienciis
771 1342 834 1373 nisi
858 1342 919 1373 fuit
946 1343 980 1373 in
1001 1342 1064 1373 hac
1086 1342 1184 1373 aliter
1205 1341 1260 1373 hic
1280 1341 1520 1384 preclarissime
1541 1342 1744 1374 informatus.
1765 1366 1772 1373 .
1791 1366 1800 1375 .
1819 1366 1828 1374 .

269 1394 313 1425 Et
342 1393 501 1435 quoniam
527 1394 674 1426 humana
699 1394 902 1425 famulantur
927 1395 1049 1425 divinis
1078 1394 1155 1426 ideo
1181 1395 1361 1426 innuebam
1388 1395 1420 1425 in
1452 1394 1707 1436 Methaphisicis
1737 1395 1829 1436 quod

270 1446 512 1478 Mathematica
528 1452 576 1478 est
592 1447 776 1479 necessaria
793 1447 903 1478 divine
923 1447 1088 1489 sapiencie
1099 1457 1197 1488 super
1213 1447 1247 1478 id
1264 1447 1353 1489 quod
1370 1447 1492 1489 aliquis
1505 1448 1616 1480 valeat
1630 1447 1829 1480 sufficienter

268 1499 448 1540 explicare.

314 1555 369 1583 13.
416 1551 437 1581 f.
457 1560 496 1592 73
514 1552 535 1583 b
555 1562 583 1584 2.
632 1553 748 1584 Partes
764 1552 979 1594 philosophie
996 1552 1216 1584 accidentales
1238 1559 1312 1584 sunt
1331 1553 1456 1594 Logica
1477 1558 1509 1584 et
1532 1554 1770 1593 Grammatica‚
1791 1560 1827 1586 ut

268 1605 398 1636 ostendi
415 1605 447 1636 in
467 1605 724 1647 Methaphisica.
744 1630 751 1637 .
774 1630 781 1637 .
800 1629 808 1636 .
1357 1639 1360 1641 .

312 1662 368 1691 14.
417 1660 437 1690 f.
457 1668 497 1700 74
509 1671 528 1690 a
545 1670 570 1692 1.
621 1660 835 1692 Manifestavi
849 1661 937 1692 enim
951 1661 983 1691 in
996 1661 1242 1702 Methaphisica
1255 1661 1343 1702 quod
1355 1660 1631 1703 philosophantes
1642 1661 1827 1694 Christiani

268 1713 391 1744 debent
406 1713 512 1744 alcius
527 1713 686 1744 extollere
705 1713 954 1754 philosophiam
971 1724 1070 1754 quam
1089 1713 1240 1744 homines
1257 1713 1415 1745 infideles.

310 1767 364 1796 15.
412 1765 432 1795 f.
454 1772 495 1806 74
513 1755 537 1796 b'
554 1775 582 1797 Ι.
640 1765 766 1797 Multas
802 1772 913 1797 autem
952 1766 1165 1797 auctoritates
1201 1771 1390 1797 sanctorum
1429 1765 1470 1797 de
1507 1765 1665 1798 laudibus
1705 1766 1822 1798 harum

268 1818 483 1849 scienciarum
516 1818 635 1849 omitto
667 1819 744 1859 quia
775 1829 840 1850 non
869 1824 944 1850 sunt
970 1819 1001 1849 in
1035 1819 1229 1850 tractatibus
1257 1829 1370 1850 eorum
1401 1818 1656 1860 philosophicis,
1683 1829 1764 1861 quas
1791 1820 1825 1851 in

269 1870 518 1912 Methaphisica
535 1870 631 1912 posui
648 1871 727 1911 quia
744 1871 804 1902 hec
825 1871 989 1912 generalis
1012 1871 1154 1903 sciencia
1179 1871 1221 1901 ad
1248 1872 1359 1902 omnia
1382 1870 1617 1912 philosophica
1638 1872 1826 1914 ubicunque

266 1924 452 1954 inveniatur
468 1934 502 1954 se
519 1923 678 1962 extendit,
703 1930 734 1955 et
758 1929 805 1955 est
830 1924 1002 1964 potencior
1023 1923 1152 1955 elevare
1174 1923 1355 1954 humanam
1378 1923 1580 1964 sapienciam
1603 1924 1645 1955 ad
1665 1924 1823 1955 divinam.

269 1976 368 2017 Quod
385 1976 490 2007 eciam
509 1975 700 2007 Aristotiles
717 1982 749 2007 et
767 1977 936 2007 Avicenna
959 1977 992 2007 in
1013 1976 1078 2007 suis
1099 1976 1354 2018 Methaphisicis
1370 1976 1518 2012 edocent,
1540 1982 1571 2007 et
1597 1976 1826 2018 multipliciter

268 2028 332 2059 hoc
349 2029 382 2059 in
399 2039 472 2060 mea
490 2028 737 2070 Methaphisica
754 2029 990 2068 demonstravi,
1015 2028 1170 2070 precipue
1189 2039 1264 2060 cum
1290 2028 1538 2070 Metliaphisiea
1561 2029 1824 2061 Christianorum

267 2081 385 2112 debeat
402 2091 470 2112 esse
486 2081 690 2122 complecior
707 2092 807 2123 quam
826 2081 1022 2120 infidelium,
1039 2089 1070 2112 et
1086 2092 1120 2112 se
1138 2081 1308 2122 poteneius
1325 2081 1500 2112 extendere
1517 2081 1558 2112 ad
1578 2082 1712 2122 majora.

312 2137 366 2165 16.
415 2133 436 2164 f.
456 2140 497 2174 74
516 2134 535 2164 b
555 2143 583 2166 1.
632 2134 674 2165 Et
703 2141 841 2176 propter
868 2134 932 2166 hoc
960 2135 994 2165 in
1024 2133 1269 2175 Methaphisica
1295 2143 1357 2174 que
1384 2135 1570 2166 eommunis
1595 2140 1644 2166 est
1669 2134 1825 2167 omnibus

267 2187 418 2217 scienciis
435 2186 601 2218 descendo
619 2187 661 2218 ad
679 2197 793 2218 omnes
810 2186 966 2218 sciencias
983 2192 1014 2218 et
1031 2186 1243 2228 philosophie
1260 2192 1292 2217 et
1305 2185 1386 2226 juris
1401 2192 1432 2217 et
1449 2186 1632 2228 theologie,
1650 2211 1657 2218 .
1677 2211 1684 2218 .
1701 2211 1709 2218 .

311 2242 364 2272 17.
411 2239 433 2271 f.
453 2247 490 2279 75
512 2239 531 2270 b
551 2248 578 2270 1.
629 2239 701 2270 Nec
721 2238 841 2281 loquor
865 2250 950 2271 nunc
974 2239 1016 2270 ad
1037 2239 1193 2280 ‘exempla
1215 2239 1256 2269 de
1280 2239 1532 2280 Mathematiqa,
1558 2250 1635 2270 nam
1660 2240 1720 2271 hec
1747 2246 1823 2272 sunt

269 2291 460 2322 communia
484 2292 638 2322 omnibns
658 2292 819 2329 scienciis,
842 2298 873 2323 et
894 2292 998 2323 eciam
1023 2292 1107 2322 hanc
1129 2291 1217 2322 viam
1240 2292 1380 2332 exposui
1402 2292 1434 2322 in
1458 2291 1607 2323 Scieneia
1628 2291 1822 2333 Communi,

267 2344 403 2381 scilicet,
423 2344 455 2374 in
473 2343 718 2385 Methaphisica
734 2344 918 2385 diligenter.
966 2344 1056 2375 Nam
1074 2344 1120 2375 ibi
1138 2339 1362 2375 demonstravi
1386 2344 1475 2386 quod
1489 2344 1676 2386 exemplum
1692 2346 1822 2377 Aristo-

268 2396 337 2427 tilis
353 2396 394 2427 de
411 2395 585 2428 addicione
600 2398 779 2437 gnomonis
795 2397 836 2428 ad
859 2397 1125 2438 quadrangulum
1144 2398 1252 2428 minus
1268 2403 1303 2428 ut
1327 2397 1383 2428 fiat
1405 2396 1511 2438 majus
1532 2408 1598 2428 non
1621 2403 1729 2438 potest
1747 2397 1822 2430 sciri

266 2455 343 2479 ante
368 2448 477 2479 xxiimm
501 2449 767 2490 proposicionem
790 2451 873 2481 sexti
896 2449 982 2487 libri,
1003 2456 1034 2480 et
1056 2449 1145 2490 quod
1164 2449 1333 2490 dyametcr
1356 2460 1421 2480 non
1446 2456 1554 2491 potest
1577 2450 1710 2491 probari
1729 2455 1822 2482 coste

266 2501 438 2532 assimeter
457 2505 534 2531 ante
556 2501 708 2532 ultimam
732 2508 859 2543 partem
880 2502 939 2542 vrj³
959 2502 1202 2544 proposicionis
1223 2502 1342 2533 decimi
1366 2502 1454 2542 libri,
1471 2508 1503 2533 et
1520 2502 1609 2543 quod
1624 2502 1823 2543 quadratura

267 2553 382 2584 circuli
410 2562 475 2583 non
502 2559 610 2593 potest
635 2554 709 2584 seiri
734 2561 809 2585 ante
834 2555 1012 2585 secundam
1038 2551 1118 2594 xijmi
1143 2554 1229 2592 libri,
1255 2561 1286 2585 et
1311 2555 1358 2586 sic
1383 2555 1424 2586 de
1452 2554 1527 2586 aliis
1554 2554 1728 2597 exemplis,
1752 2559 1821 2586 tam

267 2607 299 2636 in
328 2605 472 2636 numeris
502 2615 601 2646 quam
627 2606 658 2636 in
684 2605 806 2647 figuris,
832 2613 863 2637 et
891 2606 1101 2648 astrologicis
1125 2612 1158 2638 et
1184 2607 1317 2638 musicis
1341 2617 1404 2648 que
1435 2607 1467 2638 in
1493 2602 1646 2638 omnibus
1672 2607 1822 2639 scienciis

267 2658 473 2690 inducuntur.
493 2682 501 2690 .
519 2681 526 2689 .
547 2682 554 2688 .
573 2658 681 2688 Multe
710 2659 796 2689 enim
823 2664 897 2691 sunt
924 2659 989 2693 alie
1015 2659 1174 2691 utilitates
1199 2659 1369 2699 generales
1396 2670 1478 2701 quas
1503 2658 1556 2690 hic
1584 2659 1704 2691 omitto
1728 2669 1760 2691 et
1784 2659 1817 2690 in

266 2710 497 2751 Metaphisicis
512 2710 712 2742 elucescunt.

311 2766 364 2793 18.
401 2762 421 2793 f.
436 2763 475 2803 76
492 2774 511 2794 a
527 2772 556 2793 1.
581 2763 624 2793 Et
635 2770 763 2803 oportet
774 2764 863 2804 quod
874 2763 1032 2795 diffinicio
1046 2771 1086 2794 stt
1100 2764 1291 2804 snpposicio
1307 2771 1339 2794 ut
1354 2763 1492 2805 probavi
1504 2763 1535 2794 in
1551 2762 1818 2805 Methaphisicis,

268 2821 300 2847 et
318 2814 408 2856 quotl
425 2825 490 2846 non
509 2816 573 2846 sint
585 2815 748 2857 principia
762 2816 1086 2847 deinonstracionnin
1105 2817 1136 2846 in
1154 2816 1229 2856 ista,
1247 2816 1412 2855 videlicet,
1428 2817 1629 2857 supposicio,
1641 2815 1770 2857 petiole,
1784 2822 1818 2848 et
