1904 3171
798 142 819 179 7

19 237 367 301 ’procedendum
390 253 457 288 est
478 251 630 286 contra
651 259 725 286 eos
745 246 836 286 sive
859 258 937 297 pro
967 244 1072 296 ipsis
1103 243 1358 284 inclinandis
1385 243 1442 284 ad
1471 241 1571 283 fidei

38 315 279 356 veritatem.
339 314 493 368 Atque
517 313 752 355 Christiani
776 313 984 355 deberent
1006 318 1187 366 propter
1204 312 1370 365 seipsos
1387 311 1574 352 libenter

38 385 94 425 de
114 384 235 425 libris
249 383 608 438 philosophorum
627 397 775 424 eruere
791 382 938 424 omnia
954 396 1039 435 que
1053 382 1109 423 ad
1127 381 1510 422 confirmacionem
1528 387 1572 422 et

38 453 354 494 radicacionem
379 452 478 494 fidei
501 459 545 494 et
567 453 913 494 declaracionem
935 452 1028 505 ejus
1057 456 1100 492 et
1129 450 1392 492 exercicium
1420 465 1570 492 eorum

36 522 80 563 in
116 522 388 563 mirabilibus
423 523 681 563 veritatibus
722 521 1061 576 congruentibus
1103 520 1219 571 fidei,
1259 520 1394 562 immo
1437 519 1572 561 multe

36 591 313 632 inveniuntur
333 605 418 645 que
439 598 540 632 sunt
561 591 729 632 articuli
752 591 950 644 expressi
974 591 1073 631 fidei
1096 597 1242 631 nostre
1265 590 1571 644 qualitercum-

37 675 122 715 que
154 661 237 701 illis
270 661 390 701 Deus
421 661 626 702 revelavit
657 667 700 702 et
732 661 958 712 concessit,
980 658 1185 716 prolferre
1216 661 1258 700 in
1291 660 1484 701 medium
1514 660 1570 701 ad
1589 671 1668 703 40a
1687 671 1714 694 1·

38 730 272 771 utilitatem
297 729 522 784 Scripture
545 730 689 778 Sacre,
706 737 750 771 et
771 731 963 772 ecclesie.
1017 730 1096 772 Set
1115 744 1229 771 nunc
1247 743 1333 771 non
1356 730 1573 771 invenitur

37 800 160 854 quasi
184 799 341 853 aliquis
364 800 438 852 qui
461 800 560 841 talis
581 801 690 841 sciat
714 814 771 840 ex
792 806 1012 854 potestate
1035 800 1311 855 philosophie
1329 813 1574 855 proponere

38 870 79 910 in
103 870 276 922 signum
295 869 527 923 dempsum
551 869 812 923 ignorancie‚
835 883 934 911 cum
954 869 1046 923 jam
1070 869 1285 911 habemus
1316 870 1397 911 hec
1426 870 1573 910 omnia

37 939 257 992 completa
279 953 355 992 per
377 939 692 981 revelacionem
716 939 818 980 fidei
839 939 1088 993 adjuvantis
1112 946 1156 981 et
1181 939 1465 981 exercitantis
1492 952 1572 980 nos

36 1009 92 1050 ad
117 1008 286 1062 majora
307 1009 498 1050 eruenda
513 1010 567 1049 de
582 1009 775 1050 fontibus
789 1009 978 1049 humane
993 1009 1212 1062 sapiencie
1228 1022 1360 1062 quam
1377 1022 1571 1058 unquam

36 1078 210 1119 fuerunt
233 1077 402 1118 educta.
466 1077 525 1118 Et
542 1078 662 1130 quod
679 1077 802 1131 pejus
820 1085 897 1128 est,
915 1077 1141 1131 negligunt
1157 1078 1374 1131 requirere
1388 1079 1431 1118 in
1449 1077 1572 1118 libris

36 1147 399 1202 philosophorum
431 1147 723 1188 nobilissimas
756 1148 963 1189 veritates
997 1148 1040 1188 in
1079 1148 1277 1188 maxima
1318 1148 1445 1201 copia
1486 1161 1573 1200 que

31 1218 177 1272 jacent
219 1223 428 1270 tanquam
466 1224 637 1258 mortue
670 1225 715 1258 et
748 1217 874 1271 quasi
912 1231 997 1258 non
1029 1217 1210 1258 fuissent
1243 1231 1438 1271 unquam
1470 1231 1572 1258 con-

36 1288 207 1340 scripte.
271 1287 332 1327 Et
365 1288 482 1339 quod
517 1287 756 1340 pessimum
795 1293 872 1333 est,
917 1288 1037 1340 quod
1079 1288 1287 1328 veritates
1318 1287 1572 1340 hujusmodi

36 1358 214 1411 quando
245 1356 511 1409 aliquociens
533 1356 601 1396 vel
635 1356 839 1411 leguntur
869 1357 938 1398 vel
964 1357 1212 1405 audiuntur,
1239 1357 1493 1398 deridentur
1522 1371 1572 1399 ac

37 1427 334 1481 despiciuntur
355 1433 568 1479 tanquam
592 1426 835 1480 indignum,
864 1433 912 1467 ut
944 1427 1077 1480 aliqui
1111 1427 1256 1466 minus
1277 1426 1470 1467 zelantes
1492 1439 1570 1479 pro

35 1496 315 1550 philosophia
336 1496 480 1536 dicere
502 1503 775 1549 presumunt,
793 1497 911 1549 quod
934 1497 1162 1549 indignum
1186 1502 1300 1536 esset
1322 1495 1571 1537 differencie

34 1565 314 1621 philosophie
354 1571 541 1607 tractare
575 1565 680 1607 talia
712 1580 799 1620 que
831 1566 886 1606 ad
921 1566 1248 1619 simplicitatem
1284 1564 1386 1606 fidei
1424 1571 1572 1605 nostre

33 1632 181 1677 valent
212 1635 334 1689 quasi
367 1635 535 1689 majora
566 1643 778 1689 quereret,
811 1643 878 1677 set
909 1642 1058 1677 tamen
1091 1649 1316 1688 nunquam
1347 1635 1571 1676 inveniret.

37 1705 98 1746 Et
130 1705 269 1747 eciam
304 1703 378 1745 alii
412 1718 497 1745 non
532 1706 792 1759 approbant,
824 1711 1078 1758 reputantes
1108 1705 1228 1758 quod
1261 1719 1349 1745 non
1382 1705 1438 1745 sit
1470 1703 1572 1745 fidei

35 1775 231 1829 dignum,
254 1781 302 1816 ut
324 1774 577 1829 philosophi
599 1782 861 1816 tractassent
883 1790 934 1816 ea
962 1789 1048 1828 que
1072 1774 1220 1815 valent
1249 1775 1305 1815 ad
1335 1788 1448 1823 earn,
1471 1788 1571 1815 cum

33 1851 184 1885 tamen
220 1844 264 1884 in
297 1844 630 1898 probationibus
662 1845 894 1885 veritatum
934 1843 1034 1884 fidei
1071 1843 1227 1897 juvent
1267 1857 1324 1893 se,
1357 1850 1572 1897 quantum

34 1915 190 1967 sciunt,
240 1928 318 1969 per
358 1921 628 1968 potestatem
679 1914 955 1968 philosophie
1003 1914 1289 1967 speculative,
1336 1921 1379 1954 et
1421 1921 1571 1954 tamen

34 1985 167 2038 longe
193 1985 333 2038 magis
362 1985 626 2026 conveniens
656 1992 780 2033 esset,
804 1991 852 2025 ut
884 1998 929 2025 se
956 1983 1162 2037 juvarent
1194 1998 1271 2037 per
1303 1990 1570 2037 potestatem

34 2054 221 2095 sciencie
247 2054 450 2108 practice,
468 2054 572 2107 quia
593 2054 673 2094 hec
696 2054 788 2094 sine
810 2053 1144 2107 comparacione
1167 2053 1264 2108 plus
1286 2067 1384 2094 cum
1403 2053 1570 2108 profes-

33 2126 154 2166 sione
180 2124 282 2166 fidei
313 2126 564 2174 concordat,
587 2131 635 2166 ut
666 2123 948 2165 manifestum
979 2129 1056 2173 est,
1078 2130 1121 2164 et
1144 2124 1321 2164 inferius
1348 2129 1568 2178 tangetur.

36 2194 97 2235 Et
114 2194 251 2236 sancti
269 2195 407 2235 eciam
426 2195 492 2234 usi
509 2200 610 2235 sunt
626 2194 876 2234 auctoribus
892 2200 935 2235 et
953 2193 1184 2234 sentenciis
1202 2193 1570 2248 philosophorum

35 2263 262 2305 moralium
292 2264 335 2303 in
365 2263 542 2304 laudem
572 2271 616 2304 et
645 2264 849 2303 decorem
877 2269 920 2303 et
948 2263 1080 2304 robur
1108 2269 1152 2304 et
1181 2262 1569 2304 confirmacionem

35 2333 137 2374 fidei
159 2339 321 2382 nostre,
348 2333 488 2385 magis
521 2346 655 2386 quam
683 2333 956 2386 argumentis
982 2332 1220 2374 dialecticis
1249 2339 1293 2374 et
1321 2333 1569 2386 sophisticis

34 2417 120 2456 que
142 2402 493 2455 multiplicantur
516 2402 643 2442 nimis
665 2402 721 2443 ad
745 2408 976 2455 utramque
997 2408 1170 2455 partem
1193 2403 1571 2454 contradiccionis‚

34 2486 134 2514 cum
156 2477 369 2513 tractatur
390 2472 444 2512 de
466 2471 547 2511 hiis
569 2485 656 2524 que
679 2471 780 2512 fidei
802 2477 904 2512 sunt
925 2478 968 2513 et
991 2485 1173 2513 morum.

136 2599 489 2642 HILOSOPHI
515 2601 645 2654 igitur
666 2600 997 2642 verificaverunt
1031 2600 1221 2642 Causam
1255 2601 1447 2642 Primam
1479 2601 1571 2642 sive

137 2671 283 2711 Deum
321 2684 416 2711 esse
454 2684 592 2711 unum
626 2677 670 2711 et
700 2671 876 2711 trinum.
940 2670 1164 2724 Quoniam
1199 2669 1356 2713 Plato1
1388 2679 1570 2725 patrem,

37 2746 356 2795 paternamque
393 2747 596 2793 mentem,
632 2747 676 2782 et
707 2741 933 2793 utriusque
963 2755 1158 2782 amorem
1191 2749 1408 2793 mutuum,
1437 2755 1570 2783 unam

319 2829 330 2848 ¹
355 2830 422 2862 See
439 2831 587 2862 another
602 2830 689 2862 form
708 2831 746 2862 of
758 2830 825 2862 this
837 2831 1013 2872 quotation
1032 2832 1072 2864 O.
1089 2831 1137 2864 M.
1160 2833 1193 2865 ii.
1206 2842 1280 2872 229.
