1945 3161
207 1717 248 1749 39
273 1708 342 1740 b1.

1110 133 1137 172 4

354 238 579 280 ‘Brevitas
621 252 795 293 semper
834 239 1021 280 obscura
1063 243 1140 287 est,
1178 237 1259 278 etsi
1301 236 1592 290 cognoscendi
1633 235 1889 290 ymaginem

353 308 526 362 prefert,
558 308 627 349 vel
654 322 741 349 non
756 306 783 357 ¹,
804 306 973 349 aufert2
1004 313 1153 348 tamen
1186 306 1461 359 intelligendi
1486 303 1705 360 vigorem?
1768 305 1888 359 Qua·

355 385 535 432 propter
562 378 672 420 sicut
698 378 909 419 sermonis
943 376 1097 417 lubrici
1133 374 1363 429 profluvia,
1399 376 1459 417 sic
1501 375 1647 417 decise
1676 373 1892 416 oracionis

353 448 587 502 anguscias
618 448 758 489 vitare
780 459 991 502 propono.

473 564 512 604 T
545 564 648 617 quia
686 569 788 604 nata
825 568 891 603 est
927 560 1052 602 nobis
1088 561 1157 602 via
1193 575 1219 601 a
1254 560 1628 602 communioribus
1663 559 1720 606 ad
1756 559 1894 613 magis

473 633 662 687 propria,
696 633 795 674 ideo
826 632 939 673 circa
974 630 1245 685 sapienciam
1286 630 1329 670 in
1367 630 1597 671 universali
1635 628 1895 671 declinando

355 708 505 744 tamen
548 703 689 757 magis
734 701 791 743 ad
834 701 1087 749 humanam,
1129 706 1178 741 ut
1226 698 1344 740 valet
1390 705 1590 752 respectu
1643 699 1802 749 divine,
1853 699 1896 739 in

356 772 567 826 principio
604 771 837 826 temptabo
870 769 995 824 signa
1028 769 1282 823 ignorancie
1318 775 1467 810 nostre
1504 782 1604 809 cum
1632 769 1720 809 suis
1754 769 1896 809 causis

356 841 591 883 revolvere.

417 911 611 952 Primum
634 910 768 964 igitur
788 910 909 963 quod
936 909 1305 951 considerandum
1329 914 1395 949 est
1427 908 1540 950 circa
1561 907 1654 948 vias
1679 907 1899 962 sapiencie

357 988 423 1023 est
446 979 681 1035 multiplex
696 980 868 1033 signum
888 992 1085 1020 errorum
1103 986 1365 1019 nostrorum.
1408 977 1479 1018 Ne
1494 977 1529 1017 si
1547 990 1633 1017 non
1650 982 1898 1018 avertamus

357 1064 419 1102 ea,
442 1050 672 1092 credamus
695 1062 791 1090 esse
813 1049 855 1089 in
879 1048 976 1090 luce
998 1047 1195 1089 veritatis
1224 1049 1324 1088 cum
1360 1054 1509 1088 tamen
1533 1046 1691 1087 fuimus
1713 1046 1756 1086 in
1779 1051 1899 1087 tene-

357 1121 446 1162 bris
472 1120 724 1175 ignorancie
748 1118 1085 1173 dempsissimiS.
1743 1119 1746 1123 ’

474 1238 619 1280 NUM
638 1243 787 1279 autem
806 1237 980 1292 signum
1000 1235 1279 1278 manifestum
1298 1241 1365 1277 est
1381 1234 1488 1276 illud
1506 1235 1625 1288 quod
1643 1233 1901 1276 Aristotiles

472 1308 625 1350 recitat
646 1308 787 1362 primo
805 1306 1122 1361 Metlzaplzz'sz‘ce
1139 1305 1154 1329 3
1184 1305 1426 1347 secundum
1458 1306 1644 1359 primam
1675 1311 1720 1346 et
1748 1318 1903 1347 secun-

357 1377 460 1420 dam
499 1377 849 1427 translacionem,
886 1376 1100 1426 videlicet,
1139 1374 1553 1429 philosophancium
1590 1374 1894 1421 contradicciO,

357 1448 477 1502 quod
500 1448 706 1502 precipue
733 1446 1005 1488 verificatum
1032 1452 1098 1488 est
1128 1446 1351 1487 modernis
1376 1444 1663 1498 temporibus,
1685 1444 1896 1498 quoniam

357 1518 400 1559 in
432 1532 521 1559 uno
552 1518 765 1560 vilissimo
791 1517 1064 1571 sophismate
1099 1521 1176 1558 aut
1214 1516 1257 1557 in
1286 1529 1373 1556 una
1401 1516 1636 1557 vanissima
1667 1514 1901 1569 quescione

357 1588 435 1629 vix
457 1601 567 1630 unus
589 1587 829 1629 concordat
851 1601 951 1628 cum
975 1586 1075 1628 alio.

469 1705 630 1748 LIUD
669 1712 734 1747 est
769 1705 944 1759 signum
980 1718 1067 1746 non
1106 1704 1251 1745 minus
1292 1703 1480 1753 evidens,
1515 1714 1619 1745 cum
1658 1702 1774 1743 enim
1815 1701 1904 1742 sint

470 1774 648 1817 habitus
679 1770 885 1830 cognitivi
917 1774 1213 1828 quamplures,
1245 1779 1294 1814 ut
1325 1773 1558 1822 dubitacio,
1592 1772 1749 1826 opinio,
1781 1770 1903 1820 fides,

362 1844 613 1892 admiracio‚
632 1845 924 1900 experiencia,
942 1844 1155 1894 sollercia,
1178 1843 1436 1893 intellectus,
1455 1842 1653 1892 sciencia,
1669 1841 1903 1896 sapiencia,

362 1919 406 1954 et
427 1915 462 1955 si
484 1929 570 1969 que
590 1921 692 1956 sunt
714 1913 978 1965 consimiles,
1000 1912 1091 1955 fere
1112 1913 1154 1954 in
1186 1913 1392 1955 omnibus
1423 1926 1648 1954 versamur
1669 1925 1746 1966 per
1776 1911 1905 1953 dubi-

362 1984 558 2026 taciones
582 1991 626 2027 et
648 1985 893 2039 opinioneS,
913 1984 987 2038 qui
1010 1990 1112 2025 sunt
1133 1983 1310 2025 habitus
1332 1982 1603 2033 debilissimi,
1625 1989 1670 2024 et
1691 1981 1906 2035 equaliter

364 2054 476 2096 circa
493 2055 601 2096 falsa
618 2055 732 2097 sicut
746 2055 860 2096 circa
875 2068 989 2105 vera,
1012 2054 1054 2094 in
1077 2053 1350 2108 paucissimis
1364 2059 1440 2094 aut
1462 2052 1592 2093 nullis
1608 2052 1906 2106 pertingentes

364 2124 420 2165 ad
451 2124 734 2175 intellectum,
763 2124 1008 2174 scienciam,
1040 2130 1084 2165 et
1112 2123 1390 2177 sapienciam,
1422 2128 1470 2163 ut
1498 2121 1682 2176 quilibet
1711 2122 1834 2163 novit
1861 2121 1905 2162 in

364 2207 411 2234 se
443 2200 487 2235 et
517 2194 559 2234 in
592 2193 698 2245 aliis,
735 2194 817 2235 nisi
849 2194 937 2235 sint
968 2193 1040 2234 alii
1072 2193 1206 2247 aliqui
1239 2193 1314 2247 qui
1351 2188 1481 2246 super
1511 2192 1681 2245 seipsos
1715 2198 1759 2233 et
1791 2191 1903 2233 alios

365 2263 495 2304 altius
532 2263 635 2306 elati
671 2260 1085 2321 philo[so]phantur
1120 2264 1232 2305 inter
1264 2263 1480 2313 indoctos,
1513 2261 1672 2316 quibus
1706 2262 1749 2303 in
1783 2261 1905 2304 nullo

365 2334 631 2374 credendum
654 2340 732 2375 est.

481 2451 733 2493 ERCIUM
767 2451 942 2506 signum
975 2458 1041 2493 est
1072 2452 1191 2506 quod
1223 2465 1323 2493 cum
1353 2450 1605 2505 philosophi
1634 2456 1678 2491 et
1703 2450 1906 2492 doctores

480 2520 650 2574 antiqui
683 2528 1024 2575 preparaverunt
1054 2522 1182 2563 nobis
1204 2523 1298 2562 vias
1327 2521 1547 2576 sapiencie
1571 2526 1787 2575 quantum
1809 2533 1906 2574 pos-

367 2589 492 2631 sibile
514 2590 596 2631 suit
618 2591 679 2631 eis
698 2590 828 2644 juxta
850 2598 1052 2645 tempora
1073 2606 1165 2643 sua,
1192 2598 1235 2633 et
1258 2591 1472 2633 habemus
1495 2591 1537 2632 in
1560 2590 1720 2645 linguis
1745 2589 1906 2631 nostris

369 2670 551 2714 magnas
587 2665 630 2700 et
663 2659 824 2700 multas
856 2667 899 2702 et
930 2674 1042 2714 pene
1074 2659 1414 2701 innumerabiles
1446 2665 1591 2714 partes
1622 2659 1905 2700 scienciarum

523 2779 534 2798 ¹
563 2780 636 2812 ‘vel
655 2791 724 2812 non
738 2781 746 2796 '
764 2782 916 2813 inserted
931 2781 964 2812 in
982 2793 1001 2813 a
1017 2782 1104 2813 later
1127 2782 1230 2814 hand.
1452 2780 1466 2800 ²
1489 2786 1547 2813 aut
1563 2781 1667 2812 refert
1685 2780 1761 2813 MS.

523 2832 535 2850 ⁸
561 2832 629 2864 See
646 2833 827 2874 Metaplzys.
846 2835 938 2866 Am's.
958 2845 1036 2866 cum
1053 2845 1135 2867 com.
1151 2835 1263 2875 Λυσι,
1283 2835 1304 2865 f.
1325 2845 1360 2865 11
1378 2845 1396 2865 a
1417 2845 1444 2874 1,
1464 2835 1551 2865 ven.
1571 2835 1655 2874 1496
1666 2835 1728 2864 διε.
