1945 3161
780 173 806 211 3

29 278 170 332 magis
208 277 342 318 habet
373 276 593 331 reprobari
609 274 637 325 ¹,
660 276 764 329 quia
791 274 920 328 hujus
949 280 1015 316 est
1041 274 1181 328 major
1208 275 1398 329 dignitas
1426 286 1557 327 quam

27 347 89 388 rei
123 345 372 401 corporalis.
450 346 510 387 Et
551 352 696 399 preter
738 359 787 386 ea
829 345 909 386 nisi
947 344 1194 397 publicetur
1234 357 1260 384 a
1295 355 1560 397 possessore,

26 416 225 467 elabitur,
248 422 297 457 ut
314 415 567 469 experimur
596 415 702 456 satis
728 414 734 467 1
763 414 805 455 in
836 414 961 455 nobis
999 419 1042 454 et
1072 413 1115 454 in
1147 413 1254 454 aliis.
1318 412 1559 453 Considero
1579 425 1655 459 39a
1674 427 1702 450 2.

23 485 160 527 eciam
202 486 320 538 quod
364 483 597 526 Sallustius
640 484 683 524 in
729 484 977 537 Jugmstino
998 481 1014 505 2
1056 483 1188 524 dicit:
1246 482 1442 523 ‘Animo
1488 494 1561 522 cu-

23 555 158 609 pienti
187 554 317 596 nichil
339 555 444 595 satis
472 552 724 595 festinatur'
746 568 754 604 ;
799 553 980 595 ‘Eciam
1003 553 1096 607 ipsa
1122 551 1320 593 celeritas
1346 550 1562 593 desiderio

23 637 147 665 mora
168 623 260 673 est,'
285 630 333 665 ut
356 623 534 672 Seneca,
563 622 674 664 libro
699 622 768 663 De
799 621 926 676 Copia
964 622 1202 663 Verborum
1222 621 1252 672 3,
1282 620 1561 663 determinat.

24 692 209 746 Insuper
237 694 504 734 ‘amicorum
531 692 652 746 justa
679 692 839 745 peticio
871 698 938 733 est
968 691 1143 733 effectui
1173 690 1368 733 celeriter
1397 689 1560 731 manci-

21 762 178 817 panda,
198 776 252 804 ne
274 762 429 816 frigere
447 763 645 803 videatur
661 762 819 803 caritas
837 759 1006 810 ociosa,'
1025 761 1137 803 sicut
1154 761 1261 802 dicit
1276 759 1517 802 Platearius
1529 757 1560 808 4,

22 832 230 885 quoniam
255 838 303 873 ut
325 831 509 874 Ovidius
524 831 540 855 ⁶
564 832 718 886 pandit
742 831 784 871 in
813 831 1054 872 Tristibus:

801 921 938 977 ‘Spes
969 923 1102 964 anxia
1135 928 1327 963 mentem

253 993 481 1043 Distrahit‚
514 1001 557 1035 et
590 994 721 1048 longo
754 994 973 1035 consumit
1004 993 1165 1046 gaudia
1196 989 1328 1034 voto.'

24 1085 84 1127 Et
118 1092 166 1127 ut
200 1085 366 1127 Seneca
399 1087 504 1127 dicit
537 1090 581 1138 7⁰
611 1085 679 1126 De
714 1084 997 1139 Bencficz'z'sss:
1028 1085 1201 1127 ‘Multo
1232 1085 1404 1139 gracius
1441 1083 1562 1126 venit

23 1154 142 1206 quod
165 1154 220 1194 de
243 1152 355 1194 facili
382 1167 514 1206 quam
538 1153 657 1205 quod
681 1152 737 1193 de
757 1152 887 1206 plena
911 1166 1042 1193 manu
1065 1149 1299 1202 sumitur';
1339 1151 1559 1206 ingratum

26 1223 142 1264 enim
167 1229 232 1264 est
254 1222 512 1263 beneficium
535 1222 652 1275 quod
680 1222 751 1263 diu
786 1222 898 1262 inter
927 1235 1082 1262 manus
1112 1221 1254 1263 dantis
1282 1220 1406 1262 hesit.
1469 1220 1559 1262 Sed

24 1299 202 1346 propter
231 1306 373 1333 rerum
410 1291 750 1332 inestimabilem
794 1290 1098 1333 difficultatem
1141 1291 1195 1331 de
1236 1290 1397 1343 quibus
1439 1289 1559 1343 loqui

21 1361 135 1409 volo,
157 1367 201 1402 et
232 1367 410 1414 propter
441 1359 769 1401 multitudinem
803 1366 847 1401 et
880 1361 1055 1414 pondus
1086 1360 1449 1413 occupacionum,
1471 1373 1560 1400 non

24 1431 148 1485 potui
170 1431 302 1472 cicius
331 1430 630 1472 transmittere
651 1430 769 1483 quod
800 1429 1027 1479 voluistis3
1059 1443 1140 1471 nec
1167 1429 1312 1470 adhuc
1338 1428 1562 1483 complere

21 1513 199 1553 possum
227 1500 270 1540 in
302 1499 568 1553 particulari,
591 1505 634 1540 et
666 1500 708 1540 in
736 1500 914 1554 propria
945 1499 1188 1553 disciplina.
1252 1498 1379 1552 Opus
1410 1505 1560 1540 tamen

23 1569 265 1611 universale
305 1569 341 1610 si
375 1568 519 1622 placet
557 1569 725 1619 intueri,
760 1570 959 1623 poteritis
996 1575 1044 1610 ut
1080 1569 1236 1611 saltem
1271 1583 1330 1610 ex
1364 1569 1562 1623 partibus

19 1645 127 1688 tota,
169 1652 228 1679 ex
273 1638 514 1679 minoribus
563 1638 743 1693 majora,
785 1653 843 1680 ex
884 1638 1159 1692 paucioribus
1201 1637 1327 1693 plura
1369 1638 1563 1691 cogitare

20 1707 216 1748 valeatis.
277 1707 338 1748 Et
379 1707 559 1761 quidem
592 1721 678 1748 non
710 1707 853 1748 solum
887 1714 1068 1762 propter
1099 1708 1177 1749 has
1210 1722 1362 1749 causas
1405 1709 1562 1749 tacebo

19 1777 76 1816 de
98 1776 259 1827 multis,
292 1777 369 1817 sed
401 1775 503 1829 quia
525 1790 630 1831 sepe
652 1776 872 1831 superflua
894 1777 1217 1831 explanacione
1244 1778 1383 1833 magis
1405 1779 1563 1819 obscu-

25 1846 130 1887 ritas
171 1853 462 1899 comparatur,
501 1852 549 1887 ut
591 1845 777 1888 Boecius
819 1847 922 1888 dicit
938 1845 966 1897 7,
1008 1848 1202 1889 secundo
1247 1846 1562 1889 Commentario

22 1921 150 1968 super
168 1916 503 1966 Periermenias,
526 1922 662 1970 atque
683 1922 732 1957 ut
762 1916 806 1957 in
836 1916 1114 1971 philosophia
1147 1916 1345 1958 Dindimi
1377 1917 1561 1959 dicitur:

21 1988 30 2006 ‘
50 1984 155 2025 Non
182 1991 247 2027 est
275 1999 485 2040 magnum
517 1986 560 2026 in
583 1987 735 2040 paucis
767 1985 955 2036 effluere,
979 1992 1046 2028 set
1078 1986 1266 2041 plurima
1295 1987 1562 2042 compendio

27 2052 266 2095 moderari?
331 2054 603 2109 Oraciusque
625 2055 732 2097 dicit
749 2054 777 2105 8,

192 2146 447 2201 ‘Quidquid
466 2146 480 2170 ⁹
513 2147 739 2202 precipies,
773 2154 868 2190 esto
899 2148 1058 2199 brevis,
1088 2154 1136 2190 ut
1166 2148 1254 2190 cito
1286 2147 1405 2189 dicta

212 2216 461 2271 Precipiant
492 2217 628 2257 animi
661 2217 838 2267 dociles,
871 2224 1140 2271 teneantque
1172 2217 1352 2259 fideles:

211 2285 355 2327 Omne
387 2300 705 2340 supervacuum
737 2287 870 2340 pleno
902 2287 1006 2329 de1⁰
1037 2294 1217 2342 pectore
1251 2285 1426 2329 manat.'

18 2377 132 2419 Cum
169 2384 330 2428 tamen,
369 2385 415 2420 ut
451 2378 563 2420 libro
604 2377 810 2421 dicitur11
852 2379 921 2420 De
963 2380 1166 2422 Ormesta
1197 2380 1367 2422 Mundi
1396 2381 1558 2424 tercio:

57 2488 68 2506 ¹
94 2488 168 2520 MS.
185 2488 373 2528 reprebari.
814 2488 828 2508 ²
849 2489 931 2530 Cap.
948 2491 1000 2529 64.

62 2540 75 2559 ³
102 2541 186 2574 Pub.
205 2541 285 2582 Syr.
304 2541 506 2582 Sententiae,
528 2542 591 2582 189
608 2541 744 2573 ‘Eciam
761 2542 921 2574 celeritas
937 2543 971 2574 in
990 2543 1161 2575 desiderio
1177 2553 1270 2576 mora
1287 2543 1363 2577 est.’

57 2593 68 2612 ¹
93 2595 102 2612 ‘
112 2594 213 2633 Justa
226 2604 306 2634 ergo
319 2594 502 2626 amicorum
512 2594 615 2625 animi
628 2594 748 2635 petitio
759 2600 811 2626 est
824 2595 983 2627 celeriter
993 2596 1128 2627 effectui
1139 2597 1365 2637 mancipanda
1377 2608 1421 2629 ne
1432 2597 1559 2637 frigere

13 2646 170 2678 videatur
186 2646 332 2678 charitas
342 2647 482 2679 ociosa.'
524 2647 725 2688 Platearius,
739 2647 900 2689 mactata,
914 2648 1145 2689 Prohemium,
1161 2649 1184 2681 f.
1198 2659 1292 2689 203a
1305 2659 1333 2691 1,
1348 2650 1457 2690 Lugd.
1475 2660 1558 2690 1525

12 2699 177 2742 (Practica
192 2699 408 2742 Serapionis).

57 2752 70 2771 ⁵
94 2752 234 2791 Statius,
259 2751 353 2783 Theb.
370 2752 392 2783 i.
408 2761 483 2794 322,
501 2756 582 2783 vote
600 2751 672 2783 MS.
692 2751 745 2783 for
762 2757 851 2784 voto.
1117 2752 1130 2771 ⁶
1153 2753 1283 2793 Primo,
1301 2765 1374 2795 cap.
1395 2766 1423 2795 7.

58 2803 70 2822 ⁷
93 2804 337 2845 DeInterpret.‚
355 2804 422 2845 Op.
444 2805 534 2845 Om.,
549 2804 635 2837 Ven.
653 2814 747 2845 1492.
829 2806 839 2821 ⁸
862 2805 934 2836 Ars
949 2805 1036 2837 Poet.
1061 2816 1138 2846 335.
1249 2807 1260 2826 ⁹
1285 2806 1359 2839 MS.
1377 2807 1556 2847 Cumquid.

59 2855 81 2873 ¹⁰
106 2856 180 2888 MS.
195 2857 238 2888 de
254 2857 368 2897 pleno.
525 2857 550 2875 ¹¹
576 2857 700 2889 Paulus
718 2857 876 2899 Orosius,
895 2857 1071 2890 Adversus
1085 2858 1256 2900 Paganoe,
1277 2859 1334 2890 lib.
1353 2859 1398 2891 iii.
1419 2861 1451 2891 in
1471 2860 1555 2900 pref.

742 2923 817 2955 132
