1904 3171
141 795 267 837 40b1.

1037 123 1086 150 10

290 234 439 269 nostre
453 234 633 270 secreta.
668 227 891 281 Quoniam
903 239 1078 278 24anno
1089 227 1321 269 Octoviani
1331 227 1542 281 Augusti,
1552 227 1833 269 considerans

287 312 432 340 rerum
469 311 655 348 cursum,
696 297 837 338 dixit:
882 297 1046 351 ‘Quod
1085 298 1128 338 in
1165 296 1310 339 anno1
1346 304 1476 339 sexto
1514 303 1615 352 post
1651 298 1834 340 deberet

287 368 406 410 nasci
449 367 668 422 propheta
709 368 763 408 de
804 366 996 420 virgine‚'
1037 367 1155 420 quod
1198 367 1544 422 comprehendit,
1582 373 1631 409 ut
1674 368 1716 408 in
1760 367 1834 409 illo

288 438 400 479 libro
437 438 642 480 scribitur
677 451 753 491 per
789 437 994 478 virtutem
1033 437 1317 489 astronomie,
1350 439 1463 479 sicut
1499 444 1656 492 postea
1693 438 1833 492 magis

288 509 612 562 explanabitur.
694 507 856 549 Stricte
905 508 1023 548 enim
1075 508 1291 549 sumendo
1343 500 1577 561 imperium
1623 507 1836 562 Augusti,

289 579 510 620 Dominus
539 578 619 620 fuit
650 583 778 618 natus
809 581 883 632 30⁰
911 577 1005 631 ejus
1035 591 1164 620 anno,
1227 577 1361 631 Quod
1395 585 1545 619 tamen
1577 592 1603 620 a
1635 577 1835 632 pluribus

288 649 451 690 dicitur
476 655 607 688 natus
636 647 768 688 fuisse
793 651 870 697 42⁰
895 647 980 688 hoc
1011 654 1077 689 est
1107 647 1366 701 ampliando
1394 662 1536 689 annos
1561 641 1733 702 imperii
1756 661 1836 702 per

289 718 385 760 illos
413 730 462 760 12
493 718 567 771 qui
597 717 817 759 fluxerunt
846 731 872 758 a
903 725 1044 759 morte
1066 717 1171 772 Julii
1199 717 1372 759 Cesaris
1401 732 1540 772 usque
1569 719 1625 760 ad
1647 718 1834 760 Actium

288 788 466 838 bellum,
481 788 555 841 qui
575 796 628 840 72
646 785 650 843 Ι
666 788 781 836 anni,
797 789 1039 829 secundum
1057 787 1231 838 multos,
1247 802 1335 829 non
1349 788 1624 829 ascribuntur
1638 789 1837 842 imperio,

288 858 390 912 quia
413 857 557 898 inillis
580 871 667 898 non
690 857 830 898 tenuit
853 871 1036 911 regnum
1060 859 1103 898 in
1127 871 1248 911 pace,
1267 863 1334 899 set
1356 857 1654 899 contendebat
1670 872 1750 912 pro
1772 872 1837 910 eo,

288 935 332 970 et
370 929 508 982 magis
554 928 672 969 bello
709 927 939 980 acquisivit
973 941 1108 981 quarn
1149 927 1356 982 possedit.
1421 926 1618 981 Ideoque
1655 926 1838 970 solvitur

288 999 589 1047 contrarietas,
613 1004 656 1039 et
680 998 958 1039 manifestum
983 1004 1048 1039 est
1070 997 1154 1039 hoc
1178 1012 1236 1039 ex
1257 998 1466 1052 hystoriis
1488 997 1631 1039 certis.

415 1133 649 1176 ΕΙΝΒΕ2
672 1135 824 1176 mundi
847 1135 1121 1177 creacionem
1148 1142 1192 1176 et
1221 1136 1564 1190 produccionem
1593 1134 1838 1183 ex·nichilo

414 1205 627 1247 veraciter
658 1204 954 1256 manifestant,
984 1218 1071 1245 non
1106 1213 1321 1259 ponentes
1358 1206 1573 1247 mundum
1610 1205 1743 1248 fuisse
1780 1206 1837 1247 ab

289 1283 440 1318 eterno
485 1276 579 1316 sine
621 1276 851 1330 principio,
893 1282 941 1317 ut
985 1282 1107 1329 patet
1150 1276 1278 1329 plane
1321 1291 1399 1330 per
1438 1275 1730 1326 Avicennum,
1771 1282 1838 1317 set

291 1347 470 1388 inicium
508 1346 727 1395 habuisse,
759 1352 803 1386 et
834 1359 913 1399 per
944 1345 1239 1397 Aristotilem,
1273 1361 1373 1388 cum
1410 1354 1547 1400 ponat
1580 1346 1838 1389 Creatorem

290 1425 334 1459 et
364 1422 522 1464 creata,
545 1422 592 1457 ut
624 1416 793 1457 dictum
826 1423 904 1457 est.
967 1416 1028 1458 Et
1059 1431 1159 1458 cum
1191 1418 1310 1459 dicat
1342 1431 1430 1459 non
1464 1418 1661 1471 potuisse
1692 1423 1839 1459 motus

290 1486 484 1528 infinitos
515 1500 603 1527 non
634 1486 856 1540 prefuisse,
878 1487 1087 1540 quoniam
1118 1494 1166 1528 ut
1195 1488 1481 1538 demonstrat,
1503 1502 1592 1530 non
1621 1488 1840 1541 contingit

291 1556 462 1598 infinita
488 1557 763 1610 pertransire,
785 1563 851 1598 set
874 1571 1025 1598 omnes
1055 1565 1203 1599 motus
1226 1559 1428 1614 preteriti¹
1449 1564 1551 1599 sunt
1572 1559 1837 1613 pertransiti‚

291 1635 336 1669 et
371 1641 500 1668 omne
535 1633 711 1680 tempus
752 1628 1012 1681 preteritum
1056 1634 1121 1669 est
1164 1628 1351 1670 finitum.
1414 1628 1474 1670 Et
1514 1629 1549 1669 si
1591 1642 1679 1670 non
1722 1635 1839 1670 esset

292 1697 460 1750 primus
490 1703 648 1746 motus
671 1711 758 1738 non
793 1696 946 1739 fuisset
975 1697 1133 1751 aliquis
1166 1699 1471 1752 posteriorum,
1495 1704 1542 1739 ut
1572 1711 1631 1739 ex
1664 1697 1750 1738 fine
1771 1697 1840 1739 De

296 1766 596 1816 Genemcione,
628 1773 671 1808 et
703 1767 844 1821 quinti
877 1767 1166 1819 Plzz'sicornm,
1196 1775 1240 1810 et
1271 1769 1486 1823 principio
1514 1768 1839 1822 Affethaphz'sz'ce,

293 1836 575 1878 manifestum
618 1844 695 1879 est.
759 1837 976 1892 Quamvis
1020 1840 1235 1880 mundum
1277 1853 1371 1880 esse
1411 1846 1624 1888 eternum,
1657 1846 1839 1892 sumpto

293 1914 444 1949 eterno
472 1922 550 1960 pro
578 1909 812 1949 eternitate
839 1915 996 1957 creata,
1022 1910 1134 1950 sicut
1157 1909 1315 1963 accipit
1349 1910 1392 1950 in
1422 1910 1614 1950 secunda
1642 1910 1839 1963 proposi-

292 1979 418 2020 cione
439 1977 507 2018 De
533 1977 696 2029 Camis,
718 1978 791 2019 ubi
820 1979 928 2019 dicit
949 1981 1069 2032 quod
1099 1993 1231 2021 causa
1259 1981 1401 2034 prima
1431 1986 1496 2021 est
1526 1993 1655 2033 super
1683 1979 1839 2020 eterni-

293 2055 432 2090 tatem
465 2054 509 2089 et
540 2054 642 2089 ante
674 2062 784 2099 eam,
813 2048 920 2090 velit
952 2050 1166 2090 mundum
1200 2063 1293 2090 esse
1325 2056 1551 2097 eternum;
1584 2056 1627 2090 et
1660 2055 1840 2103 sumpto

294 2119 450 2159 iterum
474 2124 626 2159 eterno
647 2133 728 2172 pro
750 2125 845 2161 tota
872 2121 1133 2161 extensione
1159 2120 1372 2173 temporis
1400 2134 1426 2160 a
1453 2119 1667 2174 principio
1694 2125 1841 2160 motus

295 2187 387 2238 celi,
404 2189 479 2242 qui
500 2194 647 2242 potest
671 2190 922 2244 perpetuari
944 2190 1182 2231 secundum
1212 2190 1297 2230 Dei
1319 2190 1605 2240 voluntatem,
1625 2190 1841 2244 contingit

294 2272 460 2312 ponere
486 2260 699 2300 mundum
729 2266 940 2310 eternum,
964 2259 1100 2314 quare
1127 2275 1214 2301 non
1242 2260 1324 2303 fuit
1352 2268 1528 2315 tempus
1560 2261 1603 2301 in
1632 2274 1722 2314 quo
1750 2274 1840 2302 non

294 2328 422 2369 fuerit
464 2336 626 2379 motus,
662 2336 709 2371 ut
747 2330 838 2383 ipse
881 2331 1024 2384 arguit
1064 2330 1108 2369 8⁰
1143 2330 1423 2372 Phisicormn
1460 2337 1613 2373 contra
1654 2344 1730 2372 eos
1765 2330 1840 2384 qui

297 2405 536 2451 posuerunt
559 2400 692 2441 chaos
715 2399 933 2442 infinitum
961 2401 1183 2455 quiescere
1208 2408 1311 2443 ante
1341 2401 1494 2442 mundi
1523 2400 1838 2442 formacionem

297 2470 340 2509 in
378 2475 576 2522 tempore
608 2470 791 2512 infinito.
855 2472 914 2512 Et
946 2477 1113 2513 certum
1146 2478 1212 2513 est
1244 2473 1363 2526 quod
1396 2471 1531 2514 nichil
1564 2478 1841 2514 mensuratur

297 2545 495 2592 tempore
527 2540 609 2581 nisi
642 2541 948 2589 successivum,
977 2548 1020 2583 et
1052 2542 1136 2584 hoc
1168 2549 1234 2584 est
1267 2549 1414 2584 motus
1445 2556 1523 2597 per
1553 2556 1611 2591 se,
1642 2547 1686 2582 et
1716 2541 1841 2596 quies

298 2623 376 2663 per
412 2609 624 2658 accidens,
658 2625 744 2664 que
781 2611 946 2653 scilicet
978 2619 1044 2653 est
1081 2625 1181 2653 cum
1220 2619 1343 2654 motu
1382 2612 1542 2666 aliquo.
1603 2611 1840 2666 ‘Quoniam

298 2685 341 2720 et
373 2679 408 2720 si
440 2679 582 2721 celum
614 2687 762 2730 staret,
795 2688 1076 2724 renovaretur
1106 2682 1217 2724 alius
1250 2690 1395 2724 motus
1427 2684 1462 2724 si
1495 2689 1671 2737 tempus
1701 2681 1838 2724 fieret.

581 2783 592 2802 ¹
617 2784 667 2815 De
687 2783 811 2821 Vetula,
833 2796 930 2817 cxxv.
951 2796 984 2826 p.
1004 2787 1055 2825 76,
1075 2787 1127 2818 ed.
1148 2785 1408 2823 Wolsenbutteh
1426 2787 1518 2818 1662.

583 2836 593 2851 ²
617 2836 762 2869 Glossed
781 2838 834 2868 ‘id
851 2842 916 2877 est,
934 2837 1034 2878 post)
