1945 3161
1134 93 1159 118 2

372 202 416 237 et
445 195 640 236 Alchimi
672 196 921 250 philosophi
953 196 1218 237 auctoritate
1251 195 1366 236 beati
1401 195 1643 236 Hieronimi
1675 191 1908 243 roborabo,

372 266 579 320 quoniam
616 265 757 306 nullus
794 266 971 307 credere
1000 273 1149 318 posset
1183 264 1280 305 illos
1314 271 1381 305 tot
1414 266 1524 306 mira
1555 266 1611 306 de
1654 264 1832 306 Christo
1866 267 1910 303 et

370 335 536 388 angelis
560 341 603 376 et
625 335 886 376 demonibus
907 342 951 376 et
973 333 1267 387 glorificandis
1290 333 1537 375 hominibus
1551 341 1595 375 et
1614 332 1910 387 dampnandis
1944 335 1945 359 ³

371 404 549 454 dixisse,
589 404 670 444 nisi
711 404 1000 445 Hieronimus
1041 402 1109 443 vel
1146 402 1256 443 alius
1293 410 1468 445 sanctus
1511 418 1585 446 eos
1625 404 1706 445 hec
1748 403 1912 445 dixisse

370 472 575 514 firmaret.
639 472 793 514 Cicero
835 473 1015 526 quidem
1048 473 1089 512 in
1123 471 1233 512 libro
1264 471 1333 512 De
1367 472 1533 526 Officiis
1548 470 1912 527 1[ait,‚‘preclare
1943 472 1945 499 ἕ

368 543 577 595 scriptum
600 555 694 583 esse
714 556 740 582 a
763 541 970 583 Platone:
1005 541 1146 582 “Non
1169 540 1296 582 nobis
1319 541 1462 585 solum
1485 543 1575 584 nati
1603 556 1764 595 sumus,
1786 548 1911 582 ortus

369 610 505 650 nostri
524 615 693 663 partem
709 611 849 663 patria
870 610 1086 661 vendicat,
1105 615 1275 663 partem
1300 611 1430 651 amici
1446 609 1469 624 ”
1487 627 1495 651 :
1529 611 1673 664 atque,
1693 618 1742 652 ut
1765 611 1912 664 placet

369 678 540 729 Stoicis,
565 710 574 719 .
597 712 606 721 .
629 710 637 719 .
670 680 726 720 ad
753 694 879 721 usum
909 679 1138 720 hominum
1172 680 1322 721 omnia
1355 680 1505 730 creari,
1527 679 1730 721 homines
1762 686 1910 721 autem

367 748 593 789 hominum
618 763 749 791 causa
771 764 867 791 esse
888 756 1135 805 generatos,
1158 757 1206 791 ut
1230 750 1311 804 ipsi
1333 751 1445 791 inter
1473 764 1532 802 se,
1557 750 1629 791 alii
1657 750 1754 790 aliis
1777 750 1911 803 prod-

368 831 462 858 esse
488 824 669 870 possent
683 816 724 858 2.'
791 819 1015 873 Quoniam
1048 819 1220 860 Tullius
1250 820 1355 860 dicit
1384 820 1427 859 in
1449 823 1496 872 5⁰
1515 818 1908 861 Aclzademz‘corum

367 887 478 928 libro
493 887 532 928 3:
566 889 714 931 Nichil
736 895 802 930 est
824 896 916 931 tarn
940 889 1108 931 illustre
1131 904 1264 944 quam
1289 889 1636 931 communicacio
1655 890 1910 941 utilitatum,

366 957 564 998 innatum
588 960 703 999 enim
726 965 792 1000 est
814 959 979 1000 homini
1003 966 1050 1000 ut
1072 959 1237 1001 habeat
1255 960 1468 1013 quiddam
1488 959 1611 1001 civile
1633 966 1677 1001 et
1699 959 1910 1015 populare

366 1028 486 1080 quod
521 1028 649 1070 Greci
682 1029 917 1083 ‘politicon
937 1026 946 1044 '
978 1035 1151 1071 vocant.
1225 1029 1304 1071 Set
1340 1036 1384 1071 et
1414 1029 1509 1083 ipsa
1539 1043 1607 1071 res
1639 1030 1694 1071 de
1724 1043 1812 1084 qua
1843 1035 1910 1071 est

367 1097 572 1149 intencio,
595 1111 694 1139 cum
719 1100 775 1140 sit
795 1099 964 1140 bonum
986 1099 1182 1150 sciencie,
1206 1113 1284 1140 nos
1312 1113 1391 1140 sua
1420 1106 1546 1153 parte
1575 1105 1732 1141 natura
1753 1099 1910 1151 invitat

365 1168 422 1208 ad
451 1168 623 1210 facilem
646 1176 689 1210 et
712 1169 939 1211 liberalem
970 1169 1065 1224 ejus
1092 1170 1556 1219 communicacionem,
1579 1175 1760 1224 propter
1787 1169 1906 1224 quod

365 1236 551 1279 Boecius
583 1238 626 1279 in
659 1238 844 1294 prologo
884 1239 1232 1294 Ypotlzeticorzcm
1269 1238 1619 1293 Sz‘llogz‘smorum
1636 1238 1654 1263 4
1689 1240 1775 1280 ait:
1821 1241 1831 1258 ‘
1847 1239 1909 1280 Et

364 1306 399 1346 si
431 1307 528 1361 ipsa
557 1308 806 1361 speculacio
836 1309 1033 1351 veritatis
1066 1324 1145 1350 sua
1182 1309 1377 1364 quadam
1411 1309 1557 1362 specie
1588 1309 1798 1351 sectanda
1829 1315 1909 1357 est,

364 1375 414 1416 fit
436 1383 585 1419 tamen
603 1378 833 1428 amabilior
850 1392 950 1420 cum
972 1379 1015 1420 in
1033 1393 1266 1421 commune
1292 1380 1534 1421 deducitur.
1587 1378 1770 1420 Nullum
1789 1379 1907 1420 enim

365 1445 531 1489 bonum
555 1455 621 1490 est
643 1450 763 1502 quod
787 1462 876 1490 non
900 1449 1122 1503 pulchrius
1144 1449 1389 1499 elucescat3
1421 1449 1455 1491 si
1480 1448 1768 1503 plurimorum
1793 1449 1906 1491 noti-

363 1516 430 1556 cia
463 1518 776 1571 comprobetur
789 1516 830 1559 5.’
881 1518 942 1559 Et
965 1517 1144 1566 Seneca,
1164 1518 1275 1559 libro
1287 1519 1546 1572 primarum
1569 1518 1903 1572 Epz’stolarmn6

361 1600 511 1627 versus
526 1586 671 1638 finem,
687 1589 812 1629 dicit:
836 1589 907 1629 ‘In
924 1588 1007 1629 hoc
1021 1588 1196 1643 gaudeo
1213 1585 1420 1646 [aliquid]
1435 1589 1613 1638 discere,
1633 1595 1680 1630 ut
1697 1588 1905 1631 doceam:

362 1670 442 1698 nec
469 1671 539 1698 me
568 1657 656 1699 ulla
684 1672 751 1698 res
783 1658 1034 1707 delectabit,
1058 1658 1161 1699 licet
1191 1660 1247 1700 sit
1280 1659 1445 1699 eximia
1466 1664 1510 1700 et
1532 1659 1746 1708 salutaris,
1768 1673 1903 1713 quam

362 1726 467 1767 mihi
498 1727 571 1767 uni
610 1728 798 1769 sciturus
831 1742 939 1770 sum.
1004 1726 1051 1769 Si
1077 1741 1177 1769 cum
1212 1728 1294 1769 hac
1337 1728 1606 1782 excepcione
1637 1728 1799 1770 detur⁷
1833 1743 1903 1770 sa-

361 1796 545 1849 piencia,
584 1804 632 1839 ut
670 1797 790 1839 illam
829 1797 1040 1839 inclusam
1077 1803 1266 1848 teneam,
1305 1812 1385 1840 nec
1427 1799 1671 1849 enunciem,
1713 1799 1906 1842 reiciam.

364 1865 537 1908 Nullius
558 1867 674 1908 enim
697 1868 814 1917 boni,
837 1869 929 1910 sine
951 1869 1081 1916 socio,
1100 1868 1296 1922 jocunda
1319 1874 1385 1909 est
1415 1868 1657 1922 possessio?
1718 1868 1780 1911 Et
1801 1869 1905 1911 ideo

361 1949 440 1976 rex
473 1936 734 1990 magnificus
767 1938 1027 1979 Alexander
1060 1938 1262 1987 Macedo,
1296 1937 1544 1979 Aristotilis
1574 1938 1824 1992 discipulus,
1857 1939 1902 1980 in

361 2006 663 2060 disputacione
698 2007 1004 2061 philosophica
1041 2022 1175 2062 quam
1210 2008 1365 2049 habuit
1403 2021 1503 2048 cum
1541 2008 1766 2058 Dindimo,
1802 2022 1904 2064 rege

360 2073 720 2130 Bragmanarum,
751 2078 896 2132 ipsum
927 2078 1130 2119 excitans
1156 2078 1213 2119 ad
1248 2077 1700 2119 communicacionem
1729 2078 1901 2132 sapien-

362 2141 437 2192 cie,
468 2143 530 2184 sic
571 2144 662 2184 ait:
696 2144 885 2185 ‘Libera
927 2159 995 2186 res
1038 2151 1106 2186 est
1146 2145 1441 2186 communitas
1482 2150 1526 2185 et
1569 2145 1767 2186 nesciens
1809 2145 1900 2200 pati

360 2212 651 2265 dispendium,
684 2228 784 2255 cum
818 2216 860 2255 in
892 2215 1079 2256 alterum
1114 2215 1378 2270 participata
1421 2213 1756 2266 transfunditur,
1787 2215 1902 2258 sicut

359 2282 393 2321 si
417 2296 473 2322 ex
496 2296 581 2323 una
607 2283 702 2324 face
727 2285 762 2325 si
792 2284 959 2325 lumina
991 2284 1117 2338 plura
1144 2285 1433 2333 succenderis,
1456 2284 1625 2326 nullum
1655 2285 1901 2340 dampnum

359 2351 587 2405 principali
611 2355 792 2395 materie
822 2355 1111 2408 generabitur,
1136 2369 1222 2409 que
1248 2355 1427 2409 quidem
1454 2355 1615 2409 accipit
1645 2355 1899 2398 facultatem

357 2419 454 2473 plus
476 2421 661 2472 lucendi,
681 2425 890 2477 quociens
914 2438 1068 2466 causas
1091 2426 1256 2467 invenit
1279 2425 1378 2479 plus
1400 2425 1647 2479 prestandi.’
1709 2424 1757 2468 Si
1781 2426 1898 2468 enim

357 2491 545 2532 avaricia
578 2506 724 2533 rerum
768 2495 1039 2535 exteriorum
1082 2496 1280 2536 omnium
1327 2496 1597 2549 sapiencium
1638 2484 1901 2538 auctoritate

357 2560 600 2614 dampnata
641 2569 718 2612 est,
765 2563 905 2604 multo
946 2564 1104 2605 sorcius
1146 2566 1369 2619 sapiencie
1404 2579 1534 2607 avara
1568 2564 1733 2607 clausio
1769 2564 1900 2621 longe

400 2640 411 2658 ¹
435 2641 486 2672 De
504 2641 569 2683 Off
584 2643 605 2675 i.
622 2654 649 2683 7.
982 2644 997 2665 2
1020 2645 1163 2678 Altered
1180 2647 1253 2678 into
1271 2650 1279 2665 ‘
1295 2646 1448 2688 possint'
1465 2647 1511 2687 by
1526 2657 1546 2679 a
1563 2646 1652 2679 later
1668 2646 1772 2679 hand.

400 2693 411 2710 ³
437 2694 518 2735 (sic)
532 2696 680 2736 perhaps
697 2707 716 2727 a
734 2707 888 2737 memory
904 2699 1081 2737 quotation
1101 2698 1185 2729 from
1203 2699 1249 2731 iii.
1268 2699 1319 2730 De
1336 2699 1470 2739 Officiis·

398 2744 409 2761 ⁴
434 2745 557 2777 Boeth.
574 2747 637 2787 Op.
657 2759 723 2780 0111.
741 2749 761 2780 f.
785 2759 841 2789 141
856 2760 875 2780 a
893 2759 923 2790 2,
942 2749 1029 2782 Ven.
1052 2761 1135 2791 1492
1148 2752 1156 2767 ‘
1171 2751 1257 2782 Nam
1276 2756 1310 2783 et
1328 2752 1402 2792 ipsa
1419 2774 1428 2783 .
1445 2774 1452 2782 .
1474 2750 1493 2784 .‘

398 2797 411 2815 ⁵
433 2797 575 2830 Altered
593 2800 639 2839 by
656 2801 804 2832 another
820 2802 910 2833 hand
929 2801 1014 2833 from
1037 2803 1272 2844 ‘completun’
1384 2804 1396 2822 ⁶
1419 2804 1482 2845 Ep.
1500 2804 1544 2836 vi.
1658 2803 1670 2822 ⁷
1695 2804 1769 2837 MS.
1787 2804 1898 2837 datur,
